4436 6404
862 299 931 354 near
950 297 1108 367 aarum
1125 300 1150 354 a.
1766 297 1829 366 241

178 492 269 568 316.
295 500 365 566 Der
391 495 660 583 Propsteiofficiol
688 521 730 564 en
753 498 786 562 F
786 498 938 580 resudant
968 498 1095 582 beeeopt
1124 500 1213 563 661666
1236 497 1392 562 ewiscben
1416 495 1569 560 Heinrich
1592 516 1651 561 non
1673 494 1833 560 anstadt

296 609 363 676 unct
386 607 482 674 Froa
511 608 577 674 unci
608 607 678 672 dene
700 607 745 673 St.
763 604 1005 687 Leordearclstt'ft
1035 605 1112 670 tiber
1141 607 1193 670 ein
1214 602 1388 670 aneoheo
1417 604 1483 668 und
1512 605 1578 670 tint
1601 601 1767 668 Budetube
1789 623 1833 668 on

296 717 352 781 der
375 715 572 798 Fubtpferte
594 714 831 800 pescbiossenen
850 713 995 797 vanae.
1043 716 1134 777 1327
1154 711 1329 794 September
1352 716 1382 776 9.

285 855 325 925 In
355 857 484 924 nomine
508 857 639 938 domiui,
665 875 768 923 amen.
816 853 973 922 Officialis
995 853 1197 924 honorabilis
1219 852 1285 921 viri
1307 853 1430 920 domiui
1455 905 1487 920 ..
1513 851 1674 936 prepositi
1696 850 1833 918 ecclesie

180 964 289 1032 sancti
322 963 548 1032 Bartholomei
577 960 911 1030 Frankenfordensis.
971 960 1268 1046 Recognostimus,
1305 960 1390 1044 quod
1425 959 1599 1028 constituti
1632 958 1667 1026 in
1683 959 1710 1046 ll
1726 959 1834 1043 figura

178 1071 292 1138 indicii
315 1090 425 1140 eoram
449 1071 543 1138 nobis
566 1071 744 1138 Heinricus
768 1069 876 1137 dictus
901 1072 940 1136 de
964 1070 1116 1150 Benstat,
1141 1087 1244 1152 gener
1267 1070 1432 1149 quondam
1446 1065 1598 1137 Heinrici
1621 1063 1702 1132 dieti
1717 1064 1834 1134 Sicim-

179 1178 312 1260 heimer,
345 1178 479 1262 opidani
508 1175 842 1260 Frankenfordensis,
876 1184 908 1244 et
938 1176 1102 1259 Elizabet
1122 1177 1148 1262 tl
1164 1194 1247 1242 uxor
1277 1173 1425 1258 legitima
1447 1172 1599 1240 Heinrici
1629 1177 1669 1248 de
1692 1173 1834 1243 Benstat

179 1286 333 1368 predicti,
359 1285 599 1352 communicata
628 1303 728 1352 manu
758 1290 792 1351 et
822 1283 970 1352 unanimi
992 1301 1161 1350 vconsensu
1184 1285 1355 1364 dederunt,
1381 1283 1598 1363 donaverunt,
1624 1280 1833 1348 tradiderunt

180 1412 219 1458 ac
234 1391 430 1475 simpliciter
438 1391 729 1477 (tresignavemnt
743 1389 989 1458 honorabilibus
1004 1389 1087 1458 viris
1102 1447 1107 1458 .
1123 1445 1130 1458 .
1145 1393 1269 1457 decano
1286 1395 1320 1456 et
1336 1388 1479 1470 capitulo
1497 1385 1633 1454 ecclesie
1645 1393 1834 1456 sanctorum

179 1499 285 1565 hiarie
309 1504 343 1565 et
359 1497 496 1584 Georgii
515 1498 549 1564 in
566 1495 793 1565 Frankenfort
810 1497 990 1564 donatione
1007 1495 1146 1579 simplici
1162 1514 1220 1580 pro
1238 1501 1400 1580 perpetua
1416 1494 1592 1562 elemosina
1607 1494 1642 1562 in
1657 1493 1834 1563 remedium

180 1605 364 1672 animarum
394 1625 529 1673 suarum
558 1624 639 1688 pure
670 1613 703 1672 et
734 1603 927 1688 simpliciter
957 1609 1093 1689 propter
1123 1606 1218 1671 deum
1249 1600 1428 1670 estuarium
1458 1600 1558 1668 situm
1587 1603 1675 1684 apud
1705 1608 1834 1686 portam

181 1711 304 1780 dictam
316 1713 526 1796 Vartporten
549 1731 622 1779 cum
646 1712 842 1779 domuncula
866 1717 900 1778 et
924 1709 1057 1778 cellario
1082 1708 1184 1776 eidem
1208 1708 1353 1776 estuario
1377 1707 1615 1789 adiacentibus
1640 1707 1690 1774 ita
1713 1713 1834 1788 tamen,

181 1823 266 1901 quod
291 1817 417 1903 prefati
438 1819 615 1887 Heinricus
639 1825 672 1886 et
694 1819 849 1886 Elizabet
873 1818 1011 1886 dominis
1037 1869 1068 1887 ..
1094 1820 1218 1884 decano
1242 1822 1276 1882 et
1299 1814 1443 1897 capitulo
1468 1813 1655 1896 antedictis
1682 1812 1835 1896 quamdiu

181 1925 336 2008 vixerint,
362 1929 402 1993 de
426 1924 558 2010 prefato
582 1926 739 2008 estuario,
764 1927 960 1993 domuncula
983 1933 1017 1992 et
1033 1925 1166 1993 cellario
1184 1922 1369 2007 prenotatis
1385 1922 1420 1988 in
1435 1921 1577 2005 quinque
1593 1919 1835 1994 festivitatibus

182 2031 407 2116 infrascriptis
438 2037 502 2102 duo
533 2033 655 2101 octaba
684 2033 788 2099 tritici
818 2037 851 2099 et
881 2052 1026 2100 marcam
1054 2031 1262 2100 denariorum
1285 2029 1405 2097 levium
1428 2049 1501 2096 tum
1523 2027 1666 2112 dimidia,
1690 2027 1725 2094 in
1748 2027 1835 2094 festo

181 2139 337 2207 videlicet
366 2141 557 2209 nativitatis
587 2141 679 2208 beati
701 2139 864 2207 Johannis
894 2139 1041 2223 baptiste
1071 2139 1238 2206 dimidiam
1268 2155 1423 2219 marcam,
1447 2136 1481 2202 in
1506 2135 1726 2202 decollatione
1748 2133 1840 2200 beati

181 2246 347 2314 Johannis
379 2248 523 2316 eiusdem
553 2247 729 2330 dirmidium,
755 2255 789 2314 et
817 2247 851 2313 in
881 2244 968 2313 festo
995 2245 1087 2314 beati
1109 2244 1248 2312 Martini
1269 2243 1429 2328 hyemalis
1453 2242 1629 2324 dimidiam,
1655 2261 1782 2310 necnon
1805 2240 1838 2306 in

182 2354 412 2438 assumptione
442 2357 539 2422 beate
563 2355 669 2421 Marie
700 2355 806 2421 octale
837 2353 950 2436 tritici,
976 2359 1008 2420 et
1038 2354 1072 2420 in
1102 2351 1280 2421 nativitate
1311 2350 1454 2418 eiusdem
1481 2351 1579 2418 beate
1602 2349 1708 2416 Maris
1732 2348 1839 2416 octale

182 2461 294 2544 tritici,
333 2461 579 2546 presenciarum
615 2468 649 2528 et
680 2480 833 2528 censuum
865 2461 994 2528 nomine
1025 2460 1121 2528 annis
1152 2458 1290 2544 singulis
1320 2458 1565 2527 ministrabunt.
1623 2456 1697 2523 Hac
1727 2454 1839 2536 itaque

182 2569 315 2636 adiecta
339 2570 539 2652 condicione,
566 2572 652 2651 quod
675 2569 830 2650 quidquid
855 2569 890 2634 in
914 2567 1061 2651 predicto
1086 2565 1231 2634 estuario
1248 2566 1317 2633 sive
1334 2565 1529 2632 domuncula
1544 2563 1651 2631 eidem
1667 2562 1839 2630 adiacente

182 2675 365 2744 necessarii
394 2677 503 2759 operis
532 2674 634 2744 fuerit
664 2674 861 2756 faciendum,
886 2673 1011 2758 prelati
1034 2726 1067 2742 ..
1093 2677 1237 2740 decanus
1262 2679 1296 2738 et
1320 2672 1498 2754 capitulum
1523 2669 1687 2736 dimidiam
1711 2675 1840 2752 partem

183 2802 413 2865 expensarum,
438 2783 599 2865 reliquam
622 2802 700 2850 vero
724 2781 901 2849 Heinricus
925 2788 957 2847 et
981 2780 1134 2848 Ehrabet
1157 2780 1211 2848 vel
1234 2779 1319 2845 alter
1343 2797 1463 2859 eorum,
1490 2777 1519 2844 si
1540 2796 1626 2844 unus
1649 2773 1838 2857 decesserit,

182 2891 373 2972 persolvere
397 2892 605 2957 tenebuntur.
654 2888 734 2955 Cum
756 2907 836 2957 vero
860 2887 1020 2969 sepedicti
1035 2886 1210 2956 Heinricus
1235 2893 1268 2952 et
1283 2885 1437 2952 Elizabet
1461 2883 1548 2951 viam
1572 2883 1681 2950 carnis
1696 2881 1840 2966 ingressi

182 2994 309 3063 fuerint
340 2997 503 3078 universe,
529 2996 713 3079 predictum
744 2995 924 3062 estuarium
955 3013 1028 3061 tum
1050 2993 1246 3060 domuncula
1270 2999 1304 3058 et
1327 2990 1459 3058 cellario
1484 2991 1588 3058 eidem
1612 2989 1840 3056 adiacentibus

183 3107 225 3170 ad
252 3111 452 3172 memoratos
475 3108 635 3172 decanum
659 3111 694 3170 et
717 3102 896 3185 capitulum
920 3101 1077 3170 transibit
1100 3100 1296 3183 simpliciter
1319 3119 1392 3166 cum
1415 3098 1504 3168 omni
1527 3117 1626 3174 onere
1649 3103 1683 3164 et
1706 3097 1838 3164 honore.

183 3211 247 3278 Est
278 3219 390 3278 autem
421 3231 504 3280 onus
534 3210 675 3278 estuarii
705 3211 879 3278 memorati
909 3211 1037 3278 solvere
1068 3212 1151 3275 duas
1181 3227 1311 3276 marcas
1341 3226 1413 3274 cum
1438 3205 1571 3274 dimidia
1594 3204 1841 3274 honorabilibus

182 3318 264 3386 viris
289 3322 414 3386 decano
438 3326 473 3386 et
496 3319 640 3402 capitulo
664 3317 801 3386 ecclesie
818 3317 926 3385 sancti
940 3315 1165 3385 Bartholomei
1180 3313 1504 3382 Frankenfordensis
1519 3313 1554 3379 in
1570 3312 1676 3379 tribus
1693 3310 1841 3378 terminis

182 3423 420 3508 infrascriptis,
447 3426 601 3494 videlicet
616 3425 650 3492 in
666 3424 752 3492 festo
770 3445 869 3508 pasce
884 3444 983 3492 unam
998 3441 1152 3504 marcam,
1171 3423 1204 3489 in
1221 3421 1306 3490 festo
1323 3421 1555 3504 penthecostes
1571 3439 1670 3486 unam
1686 3437 1839 3500 marcam,

183 3540 216 3599 et
246 3531 339 3600 infra
369 3536 432 3600 duo
462 3530 552 3600 festa
582 3533 823 3615 assumptionis
854 3539 887 3598 et
917 3529 1106 3599 nativitatis
1128 3532 1227 3597 beate
1250 3527 1389 3612 virginis
1413 3527 1588 3594 dimidiam.
1634 3527 1719 3592 Item
1743 3523 1842 3592 solvit

182 3641 270 3708 idem
302 3641 482 3708 asinarium
513 3643 650 3708 honeste
680 3647 828 3706 matrone
852 3639 1020 3722 haterius,
1046 3637 1159 3706 relicte
1190 3639 1353 3718 quondam
1368 3633 1549 3719 Wigelonis
1582 3636 1622 3698 de
1638 3632 1839 3714 Wanebach,

176 3747 237 3822 ,vel
262 3747 317 3814 cui
338 3747 413 3829 ipsa
436 3746 657 3831 deputaverit,
683 3765 782 3814 unam
805 3765 950 3813 marcam
974 3765 1045 3814 cum
1070 3743 1203 3812 dimidia
1226 3743 1260 3811 in
1284 3744 1410 3808 duobus
1434 3739 1583 3808 terminis
1605 3735 1839 3820 infrascriptis,

184 3854 341 3922 videlicet
362 3855 397 3921 in
420 3854 507 3922 festo
531 3854 622 3922 beati
636 3853 773 3920 hlartini
789 3852 948 3937 hyemalis
964 3871 1062 3920 unam
1078 3869 1222 3918 marcam
1239 3855 1272 3916 et
1287 3847 1378 3916 inira
1393 3846 1523 3914 natales
1539 3844 1662 3912 Christi
1677 3843 1841 3914 dimidiam

184 3980 307 4028 census
329 3961 445 4042 quovis
469 3981 565 4028 anno.
613 3961 731 4028 Testes
756 3967 865 4028 autem
888 3959 1072 4026 huiusmodi
1095 3956 1285 4026 donacionis
1306 3961 1340 4022 et
1356 3951 1594 4038 resignationis
1610 3959 1688 4018 eunt
1702 3953 1842 4018 bonora-

184 4069 271 4136 biles
302 4067 381 4136 viri:
414 4068 570 4136 Nicolaus
600 4067 708 4134 dictus
738 4070 778 4134 de
808 4065 1044 4146 Bettenhusen,
1070 4061 1292 4132 Theodericus
1323 4061 1430 4129 dictus
1454 4058 1579 4128 Rorieh
1609 4065 1643 4124 et
1665 4057 1841 4126 Heinricus

184 4175 303 4257 Albus,
328 4174 478 4242 canonici
501 4174 637 4242 ecclesie
661 4174 771 4242 sancti
786 4173 1010 4240 Bartholomei
1025 4171 1175 4254 predicti,
1200 4188 1327 4238 necnon
1344 4167 1562 4251 Gyselbertus
1581 4167 1621 4232 de
1637 4166 1840 4248 Frydeberg,

186 4285 363 4350 cunradus
393 4283 501 4349 dictus
532 4283 727 4362 Cammerer,
752 4280 911 4348 Albertus
941 4279 1049 4346 dictus
1072 4277 1214 4362 Bizegel,
1240 4275 1443 4359 vylmannus
1474 4273 1582 4341 dictus
1613 4274 1653 4338 de
1669 4270 1840 4354 Wetfelar,

184 4389 307 4458 vicarii
322 4389 459 4456 ecclesie
474 4395 663 4470 memorate,
689 4394 723 4454 et
739 4407 835 4469 quam
852 4387 963 4468 plures
979 4385 1037 4452 alii
1052 4386 1115 4453 ilde
1132 4382 1231 4468 mgni.
1279 4383 1319 4448 ln
1336 4401 1473 4464 quorum
1489 4379 1630 4448 omnium
1646 4385 1680 4448 et
1696 4377 1842 4461 6166616-

184 4515 259 4563 rum
283 4495 506 4578 predittorum
529 4495 751 4563 testimonium
775 4501 807 4562 et
831 4495 930 4562 robur
954 4492 1090 4559 evidens
1113 4489 1256 4575 sigillum
1272 4488 1378 4556 nostri
1394 4485 1610 4554 officialstus
1632 4488 1674 4552 ad
1690 4491 1843 4569 rogatum

185 4611 221 4670 et
246 4603 442 4686 petitionem
458 4603 608 4670 Heinrici
631 4611 665 4670 et
680 4603 842 4682 Elizsbet,
868 4599 1041 4684 coniugum
1065 4597 1295 4680 predictorum,
1320 4595 1471 4662 duximus
1495 4591 1705 4674 presentibus
1720 4611 1843 4675 appen-

186 4714 339 4780 dendum.
387 4711 455 4777 Nos
478 4729 605 4792 quoque
629 4713 773 4776 decanus
797 4715 831 4775 et
854 4707 1034 4790 capitulum
1058 4704 1195 4774 ecclesie
1219 4710 1408 4772 sanctorum
1431 4700 1538 4768 Maria
1563 4706 1596 4766 et
1612 4698 1748 4784 Georgii
1770 4719 1844 4783 pre-

186 4819 387 4902 scriptorum
410 4817 444 4884 iu
467 4816 727 4902 recognitionem
751 4835 872 4897 eorum,
897 4833 958 4896 que
975 4812 1127 4896 predicta
1142 4819 1229 4894 sunt,
1254 4810 1398 4896 sigillum
1413 4807 1550 4878 ecclesie
1565 4813 1678 4874 nostre
1694 4805 1844 4876 similiter

186 4925 402 5010 apposuimus
431 4924 507 4992 huit
538 4924 672 5007 scripto.
719 4923 842 4991 Datum
871 4923 906 4990 in
937 4921 1082 4990 crastino
1112 4918 1303 4989 nativitatis
1333 4919 1431 4985 beate
1454 4915 1564 5005 llario
1584 4913 1732 4998 virginis,
1758 4932 1843 4982 anno

186 5033 313 5103 domini
336 5034 377 5100 dr,
400 5053 466 5100 ccc.
488 5031 630 5104 XXVII.

408 5177 454 5232 Or.
468 5177 556 5247 Ppmt.
594 5175 681 5230 aaut
705 5174 793 5246 Sieptl
817 5174 881 5229 tired
906 5171 1114 5244 obptccbnitten.
1158 5171 1198 5225 St.
1218 5170 1252 5226 A.
1274 5169 1325 5224 Fr.
1366 5163 1720 5230 nemetensem.
1762 5161 1846 5217 Dicet

464 5265 594 5322 Urbundt
618 5265 712 5320 wurdt
738 5281 782 5318 om
802 5268 825 5318 9.
846 5263 1000 5332 Septanber
1018 5262 1088 5316 1333
1112 5261 1143 5314 in
1168 5260 1250 5330 otllip
1274 5255 1502 5331 plet'eltloutender
1519 5253 1608 5310 Weise
1630 5249 1686 5307 rnit'
1705 5251 1846 5309 emeca

459 5357 568 5428 Zeuyen
594 5360 725 5410 66666666.
767 5352 811 5407 Or.
827 5352 914 5422 Ppmt.
957 5350 1016 5406 Vou
1041 5351 1092 5404 den
1119 5347 1318 5418 unbtnqeuden
1338 5346 1404 5402 66666
1424 5344 1531 5416 &epeia
1550 5343 1586 5398 t'ot
1605 5342 1655 5396 dos
1674 5341 1845 5409 6661661661,

459 5447 510 5500 clos
527 5446 620 5500 eweite
638 5444 717 5498 leicbt
735 5441 897 5511 beecbbdipt.
934 5439 1110 5494 1.6.6.25.

408 5735 433 5780 a)
447 5729 487 5774 Or.
501 5727 682 5782 officiolstus'.

175 5945 177 5950 ,
248 5901 413 5945 &minster
429 5897 624 5944 urkundenbuch
638 5897 666 5941 ll
