4436 6404
692 371 761 426 1327
779 369 930 425 November
947 369 983 425 18
995 399 1029 412 -·
1043 371 1112 426 met
1131 370 1279 428 December
1293 371 1334 428 13.
1773 373 1837 438 243

181 560 272 636 319.
299 569 475 636 Heitmoua
490 569 633 648 Scbrocb,
657 568 850 634 Kouonilms
873 591 914 634 cu
930 569 1189 653 Asebcffeuburp
1212 570 1278 634 aad
1294 568 1457 636 Koltebtor
1479 570 1534 635 des
1557 568 1839 651 aabiscbo‘fltcbem

298 685 466 762 pressere-u
495 677 716 756 Subsidiarius,
753 680 875 759 quittirt
906 677 975 744 dem
1005 678 1051 742 St.
1076 675 1415 758 Bartholomaeusstift
1443 677 1520 742 tiber
1549 682 1592 742 50
1621 676 1738 756 Morlc,
1753 677 1838 742 'dem

299 783 520 866 Fraulcfurter
546 783 684 865 Psorrer
706 785 783 849 iiber
807 789 828 848 8
851 783 960 850 Mart.
1008 789 1099 849 1327
1119 782 1293 849 November·
1318 787 1369 848 18.

288 927 361 1010 Ego
391 925 608 993 Heilmannus
640 925 748 992 dictus
779 927 893 1008 susp,
927 926 1106 994 canonicus
1136 927 1273 993 ecclesie
1302 925 1651 1012 Ascbalic'uburpcusts,
1682 925 1838 994 collector

182 1033 320 1100 subsidii
348 1032 484 1100 maioris
501 1035 566 1117 lla
589 1036 770 1100 reverendo
801 1031 836 1099 in
860 1033 991 1100 Christo
1022 1041 1118 1117 patre
1149 1041 1183 1100 et
1213 1033 1341 1100 domino
1372 1033 1501 1100 domino
1524 1033 1679 1114 Matthia,
1711 1033 1838 1100 archie-

182 1141 315 1224 piscopo
346 1140 551 1226 Magantino,
585 1144 775 1223 deputatus.
834 1141 1057 1226 Recognosce,
1084 1141 1111 1225 ll
1133 1160 1184 1206 me
1214 1139 1380 1222 recepisse
1410 1141 1452 1207 ab
1482 1139 1728 1207 honorabilibus
1756 1139 1838 1207 viris

181 1247 321 1315 dominis
345 1302 352 1314 .
372 1301 379 1314 .
403 1250 528 1314 decano
559 1253 594 1314 et
624 1247 768 1330 capitulo
800 1247 937 1314 ecclesie
962 1247 1071 1314 sancti
1092 1246 1346 1334 Barlltholomei
1369 1247 1685 1329 Frankeusordeusis
1709 1246 1838 1314 nomine

181 1355 320 1422 subsidii
350 1355 591 1438 quinquaginta
621 1375 752 1421 marcas
782 1354 991 1421 denariorum
1016 1353 1276 1421 colloniensium.
1324 1355 1482 1421 Preterea
1512 1353 1623 1436 recepi
1652 1353 1838 1436 specialiter

181 1483 202 1529 a
225 1463 369 1529 discreto
399 1461 472 1530 viro
497 1513 529 1528 ..
556 1462 694 1545 plebano
718 1463 1019 1544 Frankeufordeusc'
1048 1461 1179 1528 racione
1210 1459 1349 1527 subsidii
1379 1467 1453 1528 octo
1476 1479 1606 1528 marcas
1630 1460 1839 1532 denariorum

181 1569 445 1652 Calloniensrlcm,
471 1589 511 1636 ex
542 1576 638 1652 parte
669 1589 726 1635 sue
758 1569 930 1652 parrochie
961 1569 1068 1651 ipsum
1100 1567 1322 1652 contingens·
1367 1569 1405 1635 In
1430 1567 1521 1634 cuius
1545 1566 1594 1634 rei
1617 1565 1838 1635 testimonium

181 1675 323 1760 sigillum
353 1696 459 1742 meum
487 1676 565 1742 duxi
589 1675 798 1758 presentibus
822 1678 1081 1758 appendendum.
1130 1669 1254 1741 Datum
1277 1694 1362 1742 anno
1387 1674 1507 1741 domini
1531 1675 1571 1744 uir.
1595 1694 1661 1742 ccc.
1683 1654 1836 1758 xxvll,
1953 1724 1956 1729 -
2057 1707 2060 1714 v

180 1781 266 1850 feria
289 1790 421 1865 quarta,
446 1803 508 1865 que
532 1781 597 1848 iuit
621 1789 741 1850 octava
765 1782 873 1849 sancti
897 1783 1042 1851 Martini.

397 1916 443 1972 Or.
458 1917 544 1987 Ppml.
564 1917 615 1970 mit
633 1917 847 1986 antdapcndem,
866 1917 1090 1971 woblerbolteucu
1111 1914 1205 1986 Siepcl.
1243 1915 1281 1971 Sl.
1295 1916 1330 1970 A.
1346 1915 1396 1970 Fr.
1434 1915 1534 1970 Bartb.
1548 1915 1586 1970 St.
1601 1915 1654 1969 No.
1668 1919 1738 1972 3381
1744 1911 1765 1970 b.

178 2311 270 2387 320.
298 2319 374 2386 Das
397 2321 443 2387 St.
460 2318 704 2403 Leontardstift
734 2320 870 2405 beaeupt,
895 2320 972 2385 class
996 2320 1090 2385 Juttc
1111 2317 1285 2385 Maiboclerc
1315 2323 1381 2386 cine
1397 2319 1527 2386 Vitorc'e
1556 2321 1591 2384 iu
1619 2319 1735 2392 diesem
1758 2319 1836 2400 Sttst

296 2434 388 2493 acriter
411 2433 597 2512 pendnetem
613 2427 782 2493 Vorbebolt
806 2427 976 2511 deprendet
999 2427 1065 2491 aad
1081 2426 1183 2509 dofiir
1201 2426 1327 2508 Gefcillc
1350 2431 1385 2492 iu
1400 2427 1546 2493 Rosbccb
1569 2427 1635 2492 aad
1658 2430 1692 2492 iu
1708 2424 1835 2493 Fracte

295 2536 368 2616 furt
391 2539 586 2620 unpewieseu
609 2535 696 2600 tabe.
745 2539 836 2600 1327
856 2533 1027 2598 December
1051 2538 1103 2599 13.
1209 2583 1213 2592 .

285 2677 443 2743 Decanus
473 2682 643 2758 totumque
674 2675 855 2758 capitulum
885 2677 1023 2744 ecclesie
1048 2683 1236 2744 sanctorum
1260 2675 1366 2743 Maria
1391 2683 1424 2742 et
1448 2675 1584 2760 Georgii
1606 2677 1640 2743 in
1664 2676 1836 2744 Franken·

176 2782 258 2866 iort,
291 2783 559 2868 recognoscimus
589 2790 624 2851 et
654 2790 769 2850 tenore
799 2783 1006 2866 presencium
1036 2784 1165 2866 publice
1187 2785 1214 2870 sl
1235 2784 1434 2866 profitemur,
1467 2786 1561 2866 quod,
1593 2803 1666 2850 cum
1695 2783 1836 2851 honesta

176 2892 288 2974 puella
312 2891 411 2957 Jutta
435 2891 525 2956 dicta
545 2891 732 2973 Malboden,
757 2890 900 2973 opidana
915 2889 1248 2972 Frankeniordensis,
1274 2890 1433 2958 vicariam
1457 2890 1492 2956 in
1516 2890 1656 2957 ecclesia
1678 2899 1795 2958 nostra
1807 2892 1835 2975 ll

175 2997 349 3082 perpetuis
373 2997 573 3081 temporibus
598 3000 791 3064 duraturam
814 2998 837 3063 J
840 2997 961 3064 ohanni
984 2997 1113 3080 clerico,
1138 2997 1250 3080 nepoti
1273 2997 1368 3064 Gude
1392 2997 1479 3063 dicte
1502 2997 1687 3078 Maiboden,
1713 2999 1835 3065 sororis

175 3107 197 3172 J
201 3112 273 3171 utte
299 3105 475 3186 antedicta,
500 3105 535 3170 in
558 3104 737 3171 remedium
761 3104 868 3170 anime
885 3106 912 3189 ll
930 3123 987 3171 sue
1012 3111 1045 3172 et
1069 3105 1252 3173 animarum
1276 3104 1419 3171 omniurn
1442 3112 1617 3186 pareutum
1640 3123 1771 3184 suorum
1795 3126 1835 3173 ex

174 3211 379 3280 liberalitate
403 3211 539 3295 propria
562 3214 602 3278 de
625 3211 720 3278 bonis
737 3211 806 3278 suis
822 3211 1107 3294 patrimonialibus
1123 3211 1323 3294 institueret,
1349 3211 1570 3279 continentem
1587 3214 1698 3278 decem
1714 3212 1835 3290 octalia

174 3321 328 3406 siliginiS,
354 3321 393 3386 de
417 3318 498 3386 villa
514 3318 671 3401 Rospaeh
694 3317 834 3402 singulis
858 3318 953 3384 annis
976 3317 1010 3384 in
1034 3319 1190 3401 pensione
1215 3318 1376 3401 cedentia,
1403 3325 1436 3385 et
1453 3324 1522 3385 tres
1538 3338 1668 3386 marcas
1685 3319 1835 3386 denario·

174 3448 276 3495 ruma
306 3428 340 3493 in
371 3427 510 3492 termino
537 3423 753 3508 infrascripto
778 3429 943 3507 cedentes,
967 3425 1121 3492 videlicet
1144 3428 1184 3493 de
1208 3425 1358 3492 domibus
1382 3426 1479 3493 dictis
1503 3443 1576 3492 zum
1600 3427 1738 3493 Sherere
1762 3425 1835 3493 sitis

172 3536 207 3602 iu
239 3536 355 3617 platea
384 3533 474 3600 dicta
491 3532 732 3617 Vartgassen,i
760 3537 842 3599 duas
871 3551 1002 3598 mareas
1032 3532 1066 3598 in
1098 3531 1183 3599 festo
1207 3533 1299 3600 beati
1322 3532 1460 3600 Martini
1482 3532 1642 3617 hyemalis
1667 3538 1700 3599 et
1722 3536 1834 3600 decem

173 3643 298 3710 solidos
323 3640 534 3708 colonienses
565 3643 720 3708 cedentes
748 3640 783 3707 in
807 3643 919 3708 eodem
943 3638 1029 3707 festo
1054 3641 1093 3706 de
1117 3640 1204 3706 orrio
1228 3641 1292 3708 sito
1316 3639 1410 3708 iuxta
1434 3660 1546 3707 aream
1569 3639 1777 3706 Penitentum
1799 3641 1834 3707 in

172 3745 419 3830 Frankeniort,
452 3767 589 3829 quorum
623 3751 735 3815 decern
766 3747 942 3815 solidorum
972 3748 1120 3814 Jacobus
1150 3747 1258 3815 dictus
1290 3750 1329 3814 de
1359 3748 1574 3832 Mineenberg
1604 3751 1663 3814 dat
1692 3755 1834 3830 quatuor

172 3857 309 3936 solidos,
335 3855 549 3921 Heiuacliuus
572 3875 651 3922 vero
675 3854 924 3938 deWirzeburg
947 3874 1005 3920 sex
1029 3854 1151 3922 solidos
1176 3874 1293 3922 census
1316 3855 1445 3921 nomine
1469 3855 1631 3936 annualis,
1657 3857 1738 3921 duos
1754 3875 1833 3922 vero

172 3964 298 4031 solidos
323 3962 534 4030 Colonienses
564 3959 698 4044 prefata
721 3963 821 4028 Jutta
851 3962 891 4028 de
922 3961 990 4028 suis
1013 3961 1164 4028 manibus
1188 3961 1325 4046 singulis
1349 3962 1444 4029 annis
1468 3961 1683 4044 presentabit,
1708 3961 1833 4028 tamdiu

172 4074 278 4137 donec
314 4069 350 4134 in
386 4068 487 4134 certis
522 4068 684 4135 reditibus
715 4071 845 4136 eosdem
876 4071 957 4135 duos
988 4068 1109 4136 solidos
1140 4067 1349 4135 (bolonienses
1380 4068 1636 4135 demonstrabit:
1668 4071 1833 4150 quandam

171 4177 366 4244 libertatem
396 4175 461 4242 sibi
491 4175 634 4258 optinuit
664 4175 849 4257 specialem,
875 4175 1028 4243 uidelicet
1052 4178 1137 4255 quod
1162 4174 1298 4241 ecclesie
1322 4181 1435 4241 nostre
1459 4174 1680 4257 camerariuS,
1694 4174 1750 4256 qui
1773 4194 1832 4257 pro

171 4290 322 4366 tempore
347 4281 459 4363 inerit,
485 4281 667 4364 predictam
690 4281 878 4365 pensionem
903 4301 975 4348 cum
999 4281 1150 4349 censibus
1174 4281 1344 4348 annotatis
1368 4279 1499 4364 pretate
1521 4282 1627 4363 Jutte,
1652 4281 1832 4363 quamdiut

170 4390 308 4472 vixerit,
334 4392 376 4455 ad
406 4408 524 4455 manus
555 4409 633 4456 suas
658 4389 753 4456 annis
776 4388 915 4473 singulis
939 4389 1148 4471 presentabit
1171 4408 1230 4472 pro
1253 4387 1320 4455 iam
1343 4388 1430 4455 dicte
1452 4389 1549 4455 Jutte
1573 4387 1665 4457 victu
1689 4397 1723 4455 et
1747 4408 1832 4455 com-

169 4494 293 4564 modob
318 4495 464 4578 speciali,
488 4495 563 4578 ipsa
585 4515 664 4563 vero
689 4494 847 4562 defuncta
870 4502 1051 4578 proventus
1074 4501 1109 4562 et
1125 4496 1251 4562 reditus
1267 4495 1429 4562 antedicti
1444 4499 1486 4562 ad
1503 4495 1832 4580 vicariam-prenota-

169 4612 251 4687 tam,
277 4601 366 4670 omni
395 4602 629 4670 adinventione
660 4609 693 4668 et
724 4602 940 4670 excusacione
970 4601 1101 4686 penitus
1132 4602 1284 4686 exclusis,
1308 4602 1411 4670 libere
1434 4602 1669 4677 devolventur:
1701 4601 1832 4669 adiecta

169 4709 383 4778 nihilominus
407 4709 469 4775 bac
493 4709 688 4792 conditione,
714 4711 809 4793 quod,
836 4709 863 4776 si
879 4709 1049 4777 lohannes
1073 4707 1224 4793 prefatus
1248 4710 1283 4776 in
1307 4709 1399 4778 obitu
1423 4709 1512 4777 dicte
1526 4711 1623 4777 Jutte
1643 4709 1680 4788 in
1704 4709 1831 4792 presbi-

168 4823 304 4885 teratus
328 4815 475 4882 ordinem
499 4821 668 4899 promotus
692 4836 757 4883 non
781 4815 895 4897 inerit,
921 4819 1076 4883 sacerdos
1099 4820 1246 4902 ydoneus
1270 4815 1420 4899 prelatos
1444 4822 1624 4898 proventus
1648 4822 1680 4882 et
1704 4815 1831 4884 reditus

169 4931 288 5008 preter
312 4926 394 4990 duas
418 4942 548 4990 marcas
572 4923 784 4989 dedentibus
808 4923 906 4989 dietis
929 4943 1001 4988 zum
1021 4924 1160 4991 Sherere
1184 4927 1338 4990 cedentes
1362 4925 1395 4990 in
1420 4923 1558 4998 ecclesia
1582 4929 1698 4990 nostra
1721 4927 1831 4989 deser-

168 5032 250 5114 viet,
278 5030 404 5096 tamdiu
434 5031 537 5097 donee
568 5029 756 5096 antedictus
780 5031 803 5096 J
805 5031 951 5096 ohannes
976 5029 1058 5118 [ἰη]ο
1083 5031 1324 5114 presbiteratus
1355 5031 1501 5098 ordinem
1532 5036 1699 5113 promotus
1728 5027 1831 5096 luerit

167 5143 230 5206 deo
266 5141 379 5204 dante.
438 5138 518 5204 Cum
551 5134 685 5203 autent
720 5138 891 5204 Johannes
923 5137 958 5203 in
991 5140 1259 5222 subdyaconatus
1289 5138 1436 5205 ordinem
1467 5145 1635 5220 promotus
1665 5135 1767 5203 fuerit
1797 5143 1831 5203 et

166 5244 397 5313 obedienciam
422 5244 565 5310 debitam
589 5243 684 5311 nobis
707 5241 835 5328 iecerit,
859 5244 1104 5328 presenciarum
1129 5252 1317 5312 nostrarum
1340 5247 1478 5311 eundem
1499 5251 1619 5310 extunc
1635 5243 1831 5326 participem

166 5353 342 5420 iaciemus.
389 5349 562 5418 Adiectum
586 5357 637 5417 est
660 5370 798 5434 quoque,
824 5355 919 5434 quod,
945 5351 973 5418 si
987 5351 1074 5419 idam
1090 5354 1260 5444 iohannes
1276 5371 1477 5435 quocumque
1494 5371 1573 5418 casu
1588 5351 1830 5418 interveniente

166 5483 187 5528 a
212 5458 452 5528 clericulatura
474 5457 650 5525 recesserit
673 5458 824 5525 laicalem
841 5460 989 5526 habitum
1005 5464 1210 5544 assumendo,
1236 5460 1403 5543 sepedicta
1420 5463 1482 5526 due
1498 5467 1608 5525 maroe
1624 5460 1664 5524 de
1680 5457 1829 5524 domibus

166 5565 351 5634 antedictis
375 5584 448 5631 zum
464 5565 603 5632 Sherere
627 5568 782 5632 cedentes
805 5564 870 5632 sibi
894 5569 935 5633 ad
959 5566 1028 5634 vite
1052 5587 1109 5634 sue
1134 5574 1284 5654 tempora
1299 5568 1466 5634 debebunt
1481 5565 1551 5632 sine
1567 5563 1830 5634 contradictione

445 5765 581 5811 Venientem
595 5767 639 5812 der
652 5769 752 5811 metten
766 5768 961 5824 Aurfcrttpunp:
981 5762 1008 5832 α)
1023 5769 1172 5823 ‚legatione
1210 5763 1237 5832 β)
1252 5769 1421 5824 ,vrrrgcccca
1455 5761 1481 5833 γ)
1494 5769 1582 5822 „lpw¹
1617 5759 1640 5828 δ)
1660 5766 1824 5820 „sepedictnc'

439 5885 464 5939 a)
480 5884 528 5928 Se!
555 5885 579 5934 b)
595 5883 635 5928 Or.
650 5885 784 5938 ‚uomodo·.
812 5887 834 5936 ct
849 5885 902 5929 Dua
915 5885 982 5928 Wort
994 5886 1028 5929 icc
1041 5886 1172 5930 erlorchea.
