4412 6406
383 326 447 390 376
1098 326 1166 379 1334
1187 325 1262 379 littra
1285 326 1324 378 14.

383 521 537 605 coniuges
571 521 651 587 dicti
682 522 823 603 Frosch,
857 521 992 605 opidani
1023 523 1371 604 FrankeovordenseS,
1407 523 1646 590 communicata
1676 542 1775 588 manu
1809 528 1842 589 et
1876 542 2034 588 consensu

383 628 524 696 omnium
549 648 721 711 puerorum
746 649 803 695 seu
827 631 980 696 heredum
1005 637 1200 710 nostrorum,
1226 628 1380 696 videlicet
1394 631 1419 714 ll
1433 629 1555 696 domini
1569 630 1778 714 Heylmanni,
1803 629 1984 697 sacerdotis
2003 634 2035 696 et

383 736 516 818 plebani
539 735 676 802 ecclesie
697 735 806 802 sancti
821 737 1055 818 Bartholomei,
1079 735 1230 820 magistri
1246 736 1382 818 Wikeri,
1409 737 1554 803 cantoris
1571 737 1714 804 eiusdem
1732 737 1877 818 ecclesie,
1903 734 2032 820 Spiridi,

382 842 555 924 Johannis,
573 842 763 926 Wigelonis,
785 843 930 910 Alheidis
954 851 988 910 et
1004 844 1193 928 Methyldis,
1219 850 1355 927 propter
1378 843 1544 927 pietatem,
1570 863 1668 926 quam
1691 844 1843 928 religiose
1861 845 1987 911 domine
2005 897 2032 909 ..

308 955 313 966 “
384 949 556 1016 abbatissa
579 956 613 1015 et
629 949 655 1034 sl
681 1001 686 1012 .
707 1002 713 1014 .
740 957 921 1018 conventus
939 951 1132 1018 monasterii
1146 951 1180 1018 in
1195 950 1424 1034 Patinshdsen,
1442 951 1566 1018 ordinis
1583 951 1832 1035 Cysterciensis
1850 951 2036 1035 Mogontine

385 1060 544 1140 dyocesis,
570 1076 650 1140 erga
680 1077 740 1124 nos
771 1063 804 1123 et
834 1057 933 1124 filiam
957 1064 1105 1126 nostram
1127 1059 1256 1126 nomine
1281 1061 1411 1126 Claram
1436 1067 1662 1142 exercuerunt,
1687 1061 1722 1126 in
1745 1079 1784 1128 eo
1809 1064 1894 1142 quod
1917 1060 2037 1126 dictam

384 1171 532 1232 nostram
548 1163 646 1231 liliam
661 1165 696 1230 in
712 1184 825 1231 aarum
841 1185 1048 1232 consororem
1065 1173 1099 1232 et
1115 1166 1195 1232 dicti
1210 1166 1401 1232 monasterii
1417 1166 1514 1232 liliam
1527 1165 1635 1251 longis
1648 1165 1850 1249 temporibus
1863 1167 2038 1234 retroactis

386 1291 466 1354 pure
497 1279 633 1354 propter
663 1274 757 1338 deum
780 1277 977 1354 receperunt
1001 1281 1034 1339 et
1058 1271 1089 1339 ei
1112 1275 1312 1356 prebendam
1336 1274 1422 1340 sicut
1445 1273 1501 1340 uni
1525 1274 1669 1341 eiusdem
1692 1273 1884 1340 monasterii
1906 1273 2039 1342 moniali

387 1397 445 1444 sen
470 1378 641 1444 claustrali
663 1364 836 1446 binivole⁸
860 1385 893 1445 et
923 1379 1104 1447 liberaliter
1127 1380 1356 1464 assignarunt:
1388 1381 1483 1447 huius
1507 1380 1657 1446 beneficii
1679 1399 1837 1448 memores
1861 1381 1981 1448 eisdem
2007 1435 2037 1449 ..

387 1485 555 1552 abbatisse
590 1492 624 1552 ct
659 1484 837 1552 conventui
870 1506 910 1553 ao
944 1507 1055 1553 eorum
1090 1487 1288 1554 monasterio
1321 1488 1468 1568 predicto
1500 1487 1648 1554 redditus
1681 1487 1851 1554 duodecim
1883 1489 2038 1554 octalium

386 1592 526 1676 siliginis
550 1613 700 1659 mensure
717 1595 1049 1662 Frankenvordensis
1074 1614 1209 1676 annuos,
1235 1615 1316 1676 qnos
1340 1594 1498 1662 debonis
1522 1594 1656 1677 nostris,
1681 1594 1834 1660 videlicet
1854 1597 1892 1662 de
1909 1585 2040 1662 diceml

387 1706 421 1764 et
451 1719 567 1765 novem
597 1699 765 1784 iugeribus
796 1708 885 1766 terre
916 1701 1051 1802 arabilis
1081 1701 1114 1767 in
1144 1701 1292 1768 terminis
1320 1701 1398 1769 ville
1421 1700 1623 1784 szenheym
1647 1700 1729 1783 sitis,
1753 1703 1922 1784 hucusque
1945 1703 2040 1768 annis

387 1805 524 1889 singulis
548 1826 607 1872 nos
630 1807 797 1889 recepisse
820 1809 1021 1891 profitemur,
1047 1829 1106 1890 pro
1131 1809 1284 1890 porcione
1307 1808 1504 1875 hereditatis
1529 1807 1616 1875 dicte
1639 1809 1745 1880 Clare,
1771 1828 1868 1890 quam
1890 1809 1924 1875 in
1948 1810 2040 1876 bonis

387 1912 510 1978 nostris
534 1914 634 1979 habet
658 1913 713 1981 vel
734 1915 856 1981 habere
880 1922 1001 1997 posset,
1027 1919 1151 1998 damus,
1178 1916 1337 1983 tradimus
1362 1923 1395 1982 et
1419 1915 1627 1997 presentibus
1651 1915 1869 1999 assignamus
1894 1917 2040 1984 volentes

389 2022 525 2085 eandem
541 2021 681 2102 Claram,
706 2020 806 2087 filiam
829 2028 986 2104 nostram,
1012 2028 1044 2088 et
1066 2023 1136 2088 eius
1152 2023 1385 2089 monasterium
1402 2029 1612 2105 prenotatum
1628 2023 1661 2088 in
1678 2022 1862 2089 huiusmodi
1877 2022 2038 2105 porcione,

388 2131 427 2190 ut
456 2126 679 2210 premittitur,
711 2128 885 2212 assignata
914 2131 1033 2196 debere
1065 2128 1252 2197 contentari
1281 2150 1341 2196 nec
1372 2133 1412 2196 ad
1445 2130 1685 2196 successionem
1716 2129 1854 2196 aliorum
1884 2131 2040 2196 bonorum

389 2240 576 2301 nostrorum
606 2235 768 2301 ullomodo
799 2234 946 2318 admitti3
978 2237 1188 2303 excludentes
1219 2235 1446 2303 nichilominus
1471 2237 1601 2303 Claram
1633 2237 1833 2319 sepedictam
1857 2257 1896 2302 ac
1920 2235 2040 2302 dictum

390 2359 484 2406 suum
508 2341 741 2408 monasterium
765 2342 834 2409 eius
850 2343 979 2410 nomine
995 2364 1053 2426 per
1069 2343 1255 2410 huiusmodi
1271 2343 1456 2425 porcionem
1473 2363 1494 2409 a
1510 2343 1715 2410 successione
1732 2343 1870 2409 aliorum
1885 2345 2041 2410 bonorum

390 2453 576 2513 nostrorum
597 2448 633 2514 in
657 2448 719 2514 hiis
744 2449 885 2531 scriptis.
933 2451 979 2516 Et
1002 2471 1061 2517 nos
1079 2503 1084 2516 .
1102 2503 1107 2516 .
1127 2451 1299 2517 abbatissa
1318 2457 1352 2517 et
1369 2503 1396 2516 ..
1416 2457 1597 2517 conventus
1614 2449 1754 2533 predicti
1769 2448 2039 2534 recognoscimus
2084 2435 2088 2444 ’

276 2551 277 2556 ’
391 2574 450 2636 per
473 2553 562 2620 dicta
585 2557 681 2635 bona,
706 2562 743 2621 ut
760 2557 978 2642 pretangitur,
1005 2558 1177 2642 assignata
1192 2560 1300 2640 quoad
1316 2557 1502 2641 porcionem
1519 2557 1605 2623 dicte
1622 2556 1719 2624 Clare
1735 2555 1806 2623 tore
1822 2554 2039 2638 satisfactum,

391 2660 465 2726 aliis
495 2660 589 2727 bonis
619 2661 687 2728 suis
720 2664 878 2745 paternis
904 2684 965 2746 que
996 2666 1039 2731 ad
1068 2665 1173 2747 ipsam
1198 2665 1328 2732 Claram
1359 2671 1392 2731 et
1422 2667 1465 2730 ad
1489 2683 1548 2731 nos
1573 2683 1612 2730 ac
1636 2669 1785 2730 nostrum
1808 2663 2041 2730 monasterium

391 2765 558 2849 prelatum
590 2789 649 2851 per
682 2770 920 2838 successionem
952 2771 1186 2838 hereditariam
1219 2771 1349 2841 devolvi
1382 2776 1533 2854 possent,
1567 2770 1776 2854 presentibus
1808 2769 2040 2837 renuntiando.

391 2876 459 2940 Nos
483 2875 585 2940 eciam
602 2875 829 2959 Heylmannus
853 2885 886 2944 et
901 2878 1097 2962 Elyzabeth,
1123 2878 1277 2962 coniuges
1301 2879 1450 2962 predicti,
1474 2877 1748 2962 recognoscimus,
1774 2877 1924 2943 redditus
1947 2875 2042 2942 unius

391 3001 500 3048 marce
525 2983 732 3049 denariorum
757 2985 998 3052 Coloniensinm
1021 3005 1122 3068 supra
1146 2989 1273 3052 domurn
1294 2985 1418 3054 Gddele
1441 2985 1544 3053 dnder
1567 2989 1629 3051 den
1647 2985 1827 3067 Boudeion,
1852 2983 2042 3066 exopposito

392 3089 517 3171 capella
540 3089 648 3156 sancti
663 3091 802 3174 Nycolai
824 3092 859 3158 in
883 3092 970 3158 dicto
995 3092 1092 3175 opido
1116 3093 1213 3160 sitam
1237 3101 1271 3159 et
1294 3093 1402 3160 domui
1426 3093 1512 3159 dicte
1536 3090 1576 3159 11
1592 3090 1826 3176 Bldmensteyn
1846 3091 2040 3174 contiguam,

392 3216 452 3278 per
475 3200 639 3277 quondam
652 3198 854 3282 Wigelonem
878 3199 999 3266 dictum
1019 3201 1154 3281 Frosch,
1179 3199 1242 3266 mei
1257 3201 1455 3283 Heylmanni
1471 3199 1612 3281 predicti
1627 3196 1765 3265 fratrem
1782 3200 1866 3264 bone
1882 3195 2041 3277 memorie,

393 3301 489 3368 Clare
512 3304 679 3384 sepedicta
703 3307 744 3370 ad
769 3313 918 3388 tempora
941 3307 1009 3374 vite
1033 3326 1091 3373 sue
1115 3307 1344 3389 percipiendos
1368 3307 1500 3372 relictos
1517 3312 1642 3388 etpost
1659 3305 1727 3371 eins
1744 3305 1847 3372 vitam
1865 3303 2044 3370 addictum

394 3429 486 3475 suurn
510 3411 743 3478 monasterium
768 3431 839 3478 cum
864 3414 1068 3496 proprietate
1092 3421 1125 3479 et
1145 3411 1319 3480 usufructu
1337 3434 1395 3496 pro
1412 3413 1555 3480 remedio
1572 3413 1755 3480 animarum
1774 3411 1854 3478 dicti
1866 3409 2044 3494 Wigelonis

394 3523 427 3583 et
442 3518 572 3601 Gysele,
598 3519 709 3584 uxoris
733 3539 790 3586 sue
809 3519 963 3604 legitime,
989 3528 1147 3604 perpetuo
1164 3521 1393 3588 devolvendos.
1440 3522 1558 3587 Testes
1573 3520 1670 3587 huius
1686 3519 1734 3586 rei
1750 3525 1843 3585 sunt:
1869 3517 2042 3602 NycolanS,

394 3623 538 3691 vicarius
569 3625 705 3692 ecclesie
736 3627 844 3694 sancti
874 3627 1106 3708 Bartlrolomei,
1138 3634 1171 3694 et
1201 3627 1344 3694 Brdman
1375 3625 1499 3695 fratres
1529 3626 1610 3693 dicti
1625 3626 1719 3692 Wize
1750 3629 1790 3692 de
1822 3625 2043 3708 Ceylnhnsen,

395 3729 598 3798 Hartmddus
615 3733 864 3817 Caldebechere,
889 3737 1007 3801 Petrus
1031 3735 1139 3801 dictus
1155 3735 1304 3820 Lychere
1329 3737 1368 3800 de
1385 3733 1587 3818 Prdmheym,
1612 3733 1732 3800 Petrus
1749 3734 1788 3799 de
1806 3731 2043 3814 Bockenhepm,

396 3845 430 3904 et
448 3839 507 3904 alii
523 3859 619 3920 quarn
635 3840 745 3923 plures
761 3842 925 3925 fidedigni.
973 3843 1012 3908 In
1029 3862 1164 3924 quorum
1181 3842 1321 3908 omnium
1338 3849 1371 3908 et
1387 3841 1589 3925 singulorum
1605 3839 1827 3906 testimonium
1843 3845 1877 3904 et
1894 3835 2045 3920 plenioris

395 3944 523 4012 roboris
546 3947 744 4028 firmitatem,
770 3969 830 4016 nos
846 3949 1071 4033 Heylmannus
1096 3957 1129 4016 et
1145 3951 1329 4034 Elyzabetlr
1347 3947 1479 4032 prelati,
1505 3967 1631 4014 necnon
1647 3934 2043 4028 nominus'Heylmannus,

396 4060 510 4119 noster
531 4054 626 4136 tilius,
653 4059 807 4122 sacerdos
831 4061 865 4122 et
888 4056 1047 4139 plebanus
1072 4057 1210 4124 ecclesie
1234 4056 1342 4122 sancti
1357 4052 1579 4122 Bartholomei
1595 4053 1742 4137 predicte
1758 4051 1916 4132 civitatis,
1941 4050 2047 4136 sigilla

396 4167 512 4227 nostra
536 4162 745 4244 presentibus
768 4163 1031 4247 recognoscimus
1056 4164 1261 4246 appendisse,
1301 4163 1346 4228 Et
1363 4181 1423 4247 ego
1436 4161 1600 4244 WikeruS,
1622 4166 1738 4227 cantor
1755 4157 1884 4242 prefate
1901 4157 2044 4236 ecclesie,

398 4268 564 4350 ceterique
587 4269 651 4336 mei
674 4268 797 4337 fratres
822 4277 1013 4374 etwsorores
1037 4270 1155 4356 sigillis
1180 4270 1401 4352 predictorum
1427 4322 1458 4335 ..
1485 4268 1633 4336 contenti
1655 4286 1776 4334 sumus,
1816 4267 1939 4332 Datum
1964 4283 2046 4330 anno

398 4375 519 4442 domini
545 4378 585 4442 m.
613 4371 673 4446 co'c.
698 4377 896 4459 ΧΧΧΙΙΙΙ.,
921 4377 1025 4459 pridie
1049 4396 1153 4443 nonas
1176 4376 1299 4444 marcii.

613 4500 755 4570 OaPpmt.
776 4501 831 4556 Dic
841 4501 935 4556 beiden
944 4501 1237 4572 amnpeadmsiepet
1246 4501 1373 4555 1111111111
1382 4499 1540 4565 1111111101
1549 4500 1677 4555 arbottea.
1698 4494 2047 4564 Mancinialiaiebsnrcbir.

616 4590 711 4645 (1111..Ι
732 4591 837 4659 aaa,
858 4591 921 4647 Cod.
936 4593 1012 4660 dipt,
1031 4591 1093 4659 III,
1115 4595 1166 4646 778
1186 4592 1320 4662 (petam)
1340 4589 1565 4644 aa1324Mdrz
1585 4593 1601 4642 6
1621 4611 1653 4633 =
1673 4589 1797 4653 1.,173.

612 4680 726 4750 Rapaci:
744 4681 841 4750 Saaer,
860 4679 904 4747 1⁸,
924 4685 985 4751 130,
1003 4681 1185 4736 1111611111
1202 4681 1260 4736 aad
1278 4681 1415 4734 aocbmole
1432 4681 1502 4734 aacb
1521 4679 1579 4733 dem
1595 4679 1640 4734 Or.
1653 4694 1688 4731 aa
1701 4675 1903 4740 lactatores,
1921 4674 1938 4728 t
1956 4673 2049 4726 c.172.

399 4943 491 5020 489.
519 4953 580 5018 Die
595 4953 814 5034 Froolfnrter
829 4954 960 5038 Biirper
975 4952 1135 5037 Sicpfricd
1159 4951 1283 5016 mosch
1306 4951 1372 5014 'trad
1390 4951 1483 5031 Grpcl
1506 4969 1565 5012 voa
1583 4945 1785 5012 Helabnusmt
1810 4941 1951 5023 bcfebtea
1965 4939 2049 5020 irrasi

519 5060 602 5125 ibrcs
619 5063 727 5127 Andes
750 5063 800 5127 als
817 5063 1063 5127 Sobiedsrtcbter
1084 5062 1140 5124 der
1157 5059 1248 5125 stam
1263 5059 1379 5140 Speper
1397 5059 1447 5120 rite
1469 5053 1764 5136 cherousoobme
1779 5053 1836 5116 der
1850 5050 2048 5135 pesliicbtctct

518 5168 658 5253 Bitrper.
707 5175 793 5234 1334
817 5169 915 5235 Moira
940 5174 981 5234 11
1005 5169 1061 5254 (an
1085 5168 1157 5232 dem
1181 5165 1310 5230 neisten
1334 5163 1501 5246 maintage
1525 5181 1584 5228 vor
1607 5163 1679 5226 dem
1702 5157 1912 5241 palmetage).

618 5296 663 5352 Or.
674 5296 761 5365 Ppmt.
790 5295 850 5349 Eia
862 5293 949 5364 Siepat
962 5290 1130 5361 (cingentia)
1142 5289 1313 5360 anbdnpead.
1339 5289 1377 5342 St.
1389 5288 1423 5342 A.
1436 5287 1485 5340 Fr.
1512 5285 1719 5342 3111111111-
1726 5281 1874 5337 Urksndat
1883 5281 1938 5335 No.
1951 5278 2047 5342 1311).

669 5385 742 5440 Eine
759 5385 851 5440 1111111
870 5383 1071 5454 111111τί19119
1089 5382 1139 5436 mit
1157 5379 1326 5434 Brnclrstttck
1345 5378 1417 5431 eines
1435 5377 1484 5430 cler
1501 5375 1691 5444 onpehdnpteo
1703 5373 1791 5440 sapa
1810 5370 1926 5439 befiadat
1943 5369 1999 5424 sicit
2015 5368 2048 5420 ia

617 5474 1058 5634 θθᾱῗῖῗνῗξῃῖπῇᾱνρεηὴαηι,
1077 5560 1154 5615 Naue
1173 5557 1267 5627 Folpe,
1287 5559 1339 5610 120
1357 5557 1427 5610 ancl
1446 5556 1478 5608 A.
1498 5572 1532 5610 11
1552 5553 1635 5608 Mdra
1652 5553 1695 5606 21.

616 5656 745 5724 Ausaup:
765 5653 896 5723 Hilpard,
920 5651 1069 5707 Urbuodeo
1087 5649 1135 5704 der
1153 5647 1234 5704 811111
1253 5647 1361 5716 Spcyer,
1380 5650 1441 5711 377,
1461 5645 1541 5700 Aaron
1556 5648 1579 5697 1.

623 5746 715 5800 Vera:
734 5745 785 5799 Fr.
799 5743 869 5810 Iron,
889 5742 932 5810 ΙΙ,
950 5745 976 5796 2.

670 5853 695 5902 a)
711 5849 758 5894 So!
