4416 6414
369 325 409 387 74
1085 323 1238 377 131qu
1258 323 1300 377 aa.

367 519 400 586 in
427 539 484 586 sue
508 520 625 586 salutis
649 520 852 602 dispendium
876 527 909 587 et
933 521 1123 587 scandalum
1147 519 1367 602 plurimorum,
1393 521 1513 586 dictum
1538 520 1773 587 Theodericum
1798 520 1949 587 clericum
1976 523 2019 586 ad

368 627 594 694 canonicatum
619 634 653 693 et
677 630 876 710 prebendam
900 629 1075 710 predictos,
1101 634 1258 710 quantum
1281 627 1314 694 in
1339 647 1376 694 eo
1393 635 1454 708 est,
1479 630 1747 709 quemadmodum
1766 627 2020 704 ..scolasticus

369 787 374 799 .
392 788 397 798 .
416 741 533 800 cantor
557 741 591 801 et
614 734 762 808 canonici
785 735 925 818 predicti
940 733 1100 816 iecerunt,
1126 734 1300 802 admittere
1316 740 1351 801 et
1366 735 1512 817 recipere
1529 733 1818 818 contemptibiliter
1834 737 2020 801 recusando

368 847 401 907 et
423 839 627 924 impediendo
652 845 808 922 eumdem,
833 842 1004 924 quominus
1028 842 1259 911 canonicatum
1281 849 1315 908 et
1338 843 1536 924 prebendam
1561 841 1725 923 predictos
1742 841 1877 922 pacifice
1893 841 2021 923 poterit

368 947 544 1030 possidere.
593 948 755 1033 Quocirca
778 956 947 1016 crescente
972 949 1178 1015 contumacia
1201 969 1266 1015 non
1284 949 1435 1016 inmerito
1453 967 1601 1016 crescere
1617 949 1715 1015 debet
1731 953 1765 1015 et
1781 967 1875 1030 pena,
1901 954 2022 1014 contra

367 1055 474 1136 ipsum
504 1055 674 1136 decanum,
699 1055 761 1122 nisi
792 1055 924 1138 nostris,
949 1056 1044 1128 immo
1076 1057 1186 1124 verius
1217 1057 1407 1139 apostolicis
1436 1055 1602 1122 mandatis
1625 1053 1780 1138 legitimis
1803 1061 1922 1137 pareat
1946 1074 2021 1120 curn

368 1161 495 1244 ellectu,
521 1162 668 1230 severius
692 1166 868 1245 procedere
893 1163 1079 1246 cupientes:
1105 1163 1198 1231 robis
1222 1171 1256 1229 et
1280 1163 1413 1230 cuilibet
1436 1167 1582 1229 vestrum
1606 1163 1666 1228 sub
1691 1181 1777 1244 pena
1794 1161 2022 1245 suspensionis

368 1274 402 1336 et
432 1267 789 1352 excommunicacionis,
822 1289 918 1350 quam
946 1269 981 1336 in
1012 1290 1070 1338 vos
1102 1277 1136 1336 et
1166 1269 1341 1351 quemlibet
1371 1277 1527 1351 vestrum,
1553 1268 1652 1336 trium
1682 1268 1807 1335 dierum
1837 1269 2022 1336 municione

368 1377 538 1460 premissa,
563 1395 701 1458 quorum
725 1377 862 1460 primum
886 1398 945 1462 pro
970 1377 1083 1460 primo,
1110 1380 1287 1445 secundum
1311 1397 1370 1460 pro
1394 1380 1537 1443 secundo
1562 1381 1595 1442 et
1620 1376 1757 1443 tercium
1782 1395 1840 1458 pro
1864 1375 1968 1442 tercio
1986 1383 2020 1441 et

371 1483 590 1567 peremptorio
621 1485 760 1551 termino
791 1484 1007 1570 assignamus,
1032 1483 1166 1551 ierimus
1197 1485 1230 1550 in
1260 1483 1323 1551 hiis
1346 1483 1479 1566 scriptis
1503 1505 1542 1551 ac
1564 1485 1655 1568 ipsos
1677 1482 1845 1551 incurrere
1868 1483 2022 1550 volumus

351 1591 439 1673 ‘ipso
469 1588 570 1672 facto,
603 1591 632 1656 si
662 1594 819 1658 mandata
850 1597 966 1659 nostra
995 1593 1188 1674 huiusmodi,
1220 1592 1315 1658 immo
1346 1590 1456 1658 verius
1487 1591 1678 1674 apostolica,
1710 1589 1934 1675 neglexeritis,
1966 1590 2023 1657 vel

367 1699 640 1780 contempseritis
676 1699 912 1766 contumaciter
950 1699 1145 1782 adimplere,
1185 1699 1335 1765 districte
1366 1699 1575 1782 precipiendo
1607 1701 1815 1776 mandamus,
1857 1703 2022 1779 quatenus

366 1803 487 1886 statim,
513 1804 593 1872 visis
624 1805 833 1887 presentibus
864 1813 898 1872 et
929 1806 1092 1888 perlectis,
1118 1806 1224 1888 ipsum
1255 1809 1413 1872 decanum
1437 1812 1506 1872 tum
1529 1806 1563 1872 in
1586 1807 1660 1887 ipsa
1683 1805 1823 1872 ecclesia
1847 1805 2022 1870 Tranken·

366 1912 530 1994 vordensi,
555 1931 651 1994 quam
683 1913 776 1996 alias,
800 1915 856 1982 ubi
887 1919 1082 1996 oportunum
1106 1913 1207 1980 luerit
1232 1933 1272 1980 ex
1295 1913 1610 1995 superhabundanti,
1635 1911 1810 1996 diligenter
1833 1917 1866 1976 et
1890 1909 2021 1992 publice

365 2022 471 2086 denuo
495 2021 665 2102 moneatis
691 2041 784 2103 quem
808 2027 841 2087 et
858 2041 917 2088 nos
933 2020 1141 2104 presentibus
1158 2039 1387 2101 arnmonemus
1412 2026 1450 2086 ut
1466 2021 1572 2086 adhuc
1588 2017 1678 2086 inira
1693 2027 1762 2085 tres
1778 2018 1857 2099 dies
1882 2037 2022 2099 quorum

366 2125 503 2210 primum
541 2148 600 2211 pro
633 2127 750 2210 primo,
784 2128 961 2194 secundum
1000 2148 1058 2211 pro
1092 2130 1234 2194 secundo
1271 2134 1302 2193 et
1336 2127 1474 2193 tercium
1507 2148 1566 2210 pro
1598 2127 1702 2193 tercio
1734 2133 1768 2191 et
1798 2123 2021 2208 peremptorio

365 2233 558 2300 monitionis
588 2235 725 2302 termino
757 2235 973 2319 assignamus
998 2235 1121 2301 nostris
1149 2233 1314 2300 mandatis
1344 2233 1538 2316 huiusmodi,
1562 2233 1658 2300 immo
1682 2231 1794 2300 verius
1818 2230 2020 2315 apostolicis,

367 2339 499 2407 obediat
523 2347 557 2407 et
580 2348 698 2424 pareat
722 2361 793 2408 cum
818 2341 945 2424 effectu,
971 2349 1004 2408 et
1027 2348 1185 2423 quantum
1208 2341 1243 2407 in
1267 2361 1304 2408 eo
1329 2348 1389 2422 est,
1414 2341 1536 2408 dictum
1562 2341 1714 2408 clericum
1731 2342 1773 2406 ad
1790 2337 2022 2405 canonicatum

367 2455 411 2530 ct,
434 2450 635 2531 prebendam
669 2449 835 2532 predictos
870 2449 1024 2516 admittat
1060 2456 1094 2516 et
1128 2449 1268 2531 recipiat
1302 2449 1336 2516 in
1371 2448 1564 2515 canonicum
1599 2453 1631 2513 et
1665 2447 1700 2513 in
1734 2445 1883 2528 tratrem,
1917 2445 2023 2512 veluti

367 2553 518 2622 lecerunt
543 2609 575 2622 ..
602 2556 804 2638 scolasticus,
833 2611 864 2626 ..
891 2563 1007 2624 cantor
1038 2565 1072 2623 et
1103 2557 1205 2623 ceteri
1236 2555 1387 2623 canonici
1417 2554 1553 2622 ecclesie
1584 2552 1916 2622 Frankenvordensis
1947 2573 2022 2635 pre-

367 2661 457 2744 dicti,
483 2662 653 2746 ipsumque
670 2664 905 2731 Theodericum
930 2664 1084 2731 clericum
1107 2663 1141 2730 in
1166 2663 1372 2746 possessione
1397 2662 1556 2728 dictorum
1574 2660 1787 2754 canonicatus
1804 2665 1836 2726 et
1854 2661 2021 2742 prebende

367 2788 407 2836 ac
437 2769 470 2835 in
502 2770 717 2853 percepcione
744 2768 920 2852 fructuum,
945 2771 1132 2858 reddituum
1154 2780 1189 2838 et
1212 2776 1429 2854 proventuum
1453 2771 1629 2836 eorundem
1652 2787 1716 2835 nou
1739 2766 1891 2834 molestet
1915 2787 2021 2848 neque

367 2875 525 2959 impediat
559 2879 599 2942 de
635 2883 744 2945 cetero
781 2877 969 2960 aliqualiter
1003 2897 1063 2944 nec
1098 2880 1282 2961 perturbet.
1347 2876 1501 2959 Alioquin
1535 2876 1642 2958 ipsum
1675 2928 1680 2940 .
1708 2928 1713 2939 .
1746 2877 1922 2948 decanum,
1960 2894 2022 2940 sua

368 2983 592 3066 appellacione
621 2982 743 3052 frivola
773 3004 837 3051 non
868 2975 1031 3067 obstante,
1057 3004 1153 3068 quam
1186 2989 1220 3051 et
1249 3004 1309 3051 nos
1340 3004 1412 3050 esse
1436 2982 1663 3050 decernimus·
1687 2980 1839 3049 frivolam
1863 3001 1924 3064 per
1946 3000 2022 3062 pre-

367 3097 487 3172 sentes,
520 3097 553 3157 et
584 3090 687 3158 eidem
718 3098 875 3175 tanquam
906 3091 1025 3160 irivole
1055 3111 1120 3159 non
1151 3091 1301 3158 duximus
1333 3090 1554 3172 deferendum,
1588 3089 1734 3171 aliosque
1758 3088 2022 3155 contradictores

368 3196 532 3278 quoslihet
556 3203 590 3264 et
613 3198 751 3264 rebelles
775 3199 897 3266 dictum
921 3199 1157 3266 Theodericum
1181 3199 1334 3266 clericum
1356 3197 1571 3281 impedientes
1591 3217 1630 3262 ac
1646 3197 1752 3279 ipsum
1767 3195 2022 3278 impedientibus

368 3305 486 3370 dantes
516 3303 683 3388 auxilium,
709 3305 877 3372 consilium
908 3306 960 3374 rel
990 3304 1138 3374 favorem
1170 3305 1298 3388 publice
1322 3305 1375 3373 vel
1398 3305 1524 3371 occulte
1548 3303 1685 3388 singulis
1710 3302 1824 3369 diebus
1847 3301 2022 3368 dominicis

368 3415 401 3475 et
424 3406 555 3476 festivis
578 3411 612 3477 in
636 3409 767 3494 prelata
783 3413 1097 3482 Trankenvordensi
1112 3413 1251 3480 ecclesia
1267 3419 1299 3479 et
1316 3412 1404 3494 alibi,
1429 3411 1485 3479 ubi
1501 3417 1697 3494 oportunum
1713 3409 1824 3491 luerit,
1850 3409 2022 3492 campanis

368 3515 509 3599 pulsatis
533 3524 566 3584 et
591 3519 735 3586 candelis
759 3520 907 3587 accensis
931 3528 965 3587 et
989 3521 1144 3588 extinctis
1168 3539 1344 3604 suspensos
1368 3524 1403 3586 et
1427 3517 1723 3586 excommunicatos
1747 3522 1781 3583 et
1804 3517 1846 3582 ab
1870 3515 2022 3583 omnibus

369 3622 477 3690 arcius
502 3625 675 3693 evitandos
699 3627 827 3709 publice
852 3628 1024 3710 nunciatis,
1050 3627 1174 3696 tamdiu
1198 3630 1301 3694 donec
1325 3631 1364 3694 de
1389 3625 1597 3694 absolucione
1613 3631 1647 3691 et
1663 3622 1870 3691 relaxatione
1886 3627 2022 3690 senten-

369 3729 490 3798 tiarum
513 3731 698 3799 huiusmodi
720 3755 779 3816 per
802 3741 935 3802 nostras
958 3735 1089 3804 litteras
1113 3735 1300 3803 constiterit
1316 3735 1495 3802 evidenter.
1531 3733 1576 3798 Et
1592 3733 1621 3799 si
1636 3732 1720 3798 idem
1736 3735 1890 3811 decanus,
1908 3733 2021 3796 decern

369 3838 483 3906 diebus
507 3858 527 3905 a
551 3844 697 3922 tempore
729 3841 917 3909 moniciouis
948 3841 1095 3925 predicte
1124 3843 1256 3927 elapsis,
1282 3842 1449 3927 predictas
1472 3846 1605 3908 nostras
1630 3839 1815 3906 sentencias
1838 3837 2022 3922 instigante

369 3945 509 4029 dyabolo
535 3946 640 4014 animo
665 3947 860 4016 sustinuerit
883 3949 1047 4034 indurato,
1072 3950 1176 4033 ipsam
1201 3949 1372 4017 ecclesiam
1388 3949 1742 4017 Frankenvordensem
1758 3945 1792 4011 in
1807 3943 1870 4010 hiis
1886 3945 2022 4027 scriptis

369 4052 593 4120 ecclesiastico
625 4057 837 4139 supponimus
867 4057 1053 4136 interdicto,
1078 4061 1163 4139 quod
1187 4058 1222 4124 in
1245 4057 1315 4124 eius
1340 4055 1512 4140 presencia
1535 4059 1568 4120 et
1592 4051 1745 4135 quamdiu
1769 4052 1802 4118 in
1826 4051 1898 4135 ipso
1924 4051 2021 4135 opido

369 4179 427 4226 seu
457 4161 593 4228 ecclesie
616 4163 946 4232 Frankenvordensis
977 4164 1125 4232 terminis
1155 4164 1257 4232 luerit
1280 4172 1339 4233 aut
1361 4183 1485 4231 moram
1509 4161 1661 4242 traxerit,
1686 4161 1833 4228 volumus
1858 4166 1891 4225 et
1916 4159 2022 4241 preci-

370 4266 476 4349 pimus
507 4267 748 4337 districtissime
779 4271 958 4340 observari.
1007 4271 1148 4339 Reddite
1177 4272 1301 4340 litteras
1332 4271 1452 4341 restris
1484 4289 1540 4337 seu
1571 4267 1708 4336 alterius
1731 4271 1877 4336 restrum
1901 4265 2022 4350 sigillis

368 4372 553 4458 insignum
579 4378 784 4445 execucionis
808 4377 898 4446 lacte
922 4381 1077 4463 appensis
1101 4382 1161 4446 sub
1186 4400 1272 4462 pena
1295 4379 1454 4462 predicta.
1502 4379 1625 4444 Datum
1639 4384 1734 4443 'anno
1758 4376 1879 4444 domini
1893 4379 1934 4444 rin.
1952 4371 2019 4441 cde.

370 4459 488 4555 xvh..
520 4461 599 4549 llll.
630 4485 791 4552 kalendas
821 4485 899 4552 iulii.
926 4525 967 4536 -
998 4487 1066 4553 Nos
1096 4486 1180 4553 enim
1212 4491 1403 4553 executores
1434 4485 1576 4569 predicti
1605 4505 1756 4552 rasuram
1786 4487 2019 4554 vocabulorum

374 4594 491 4670 ,prout
522 4596 638 4658 cantor
667 4592 770 4674 ipsius
794 4593 929 4662 ecclesie
954 4594 1096 4660 asseruit
1120 4613 1230 4660 coram
1253 4592 1365 4660 nobis“
1393 4593 1427 4659 in
1450 4592 1606 4660 vicesima
1629 4597 1773 4660 secunda
1795 4593 1892 4661 huius
1916 4595 2022 4662 nostri

370 4713 543 4776 processus
567 4696 653 4764 linea
678 4706 892 4782 apparentem
916 4701 1066 4768 duximus
1082 4703 1328 4782 approbandam
1346 4707 1379 4766 et
1395 4700 1603 4782 presentibus
1620 4703 1849 4783 approbamus.
1898 4703 2020 4770 Datum

370 4805 404 4866 et
428 4804 537 4868 actum
560 4810 596 4869 ut
621 4823 731 4887 supra.

585 4943 632 5000 Or.
646 4947 733 5017 qut.
772 4948 837 5004 Nor
855 4949 898 5004 dte
916 4949 1162 5021 Stcpeleiaachoitte
1180 4949 1229 5014 [ἂν
1248 4949 1308 5005 arei
1326 4949 1413 5021 Sicgel
1429 4951 1494 5006 aiod
1512 4951 1677 5006 verbanden.
1714 4951 1753 5007 bl.
1763 4953 1798 5008 A.
1810 4952 1861 5008 Fr.
1872 4954 1969 5008 Barth.
1980 4951 2021 5006 St.

637 5037 690 5090 No.
703 5041 781 5092 3613.

371 5418 435 5493 74.
461 5428 525 5495 Dic
553 5439 730 5519 probantem
751 5433 888 5501 Urhcber
917 5437 983 5500 aad
1013 5437 1072 5502 das
1095 5437 1227 5518 Kapitcl
1256 5437 1311 5502 des
1341 5458 1439 5502 ostreo
1462 5436 1729 5522 Kollcpiotstiftes
1756 5458 1799 5503 aa
1821 5439 1878 5503 der
1900 5437 2020 5504 Kirche

460 5563 519 5607 ooo
555 5542 599 5608 St.
628 5542 743 5608 Marta
779 5543 845 5606 aad
881 5545 926 5608 St.
957 5543 1062 5628 Georp
1103 5545 1224 5626 (spdter
1258 5547 1302 5608 St.
1331 5543 1515 5627 Lcoohord)
1552 5549 1586 5607 ta
1619 5543 1804 5626 Fraalcfart
1838 5547 2018 5625 berardum,

459 5651 536 5716 dass
570 5651 636 5715 thre
668 5649 865 5733 Nachfclqer
891 5651 1042 5730 jederreit
1075 5650 1214 5716 Pricster
1246 5655 1313 5717 seio
1345 5653 1418 5716 oder
1451 5653 1563 5717 birriaco
1593 5652 1791 5736 Jahressrist
1823 5655 1904 5718 nach
1935 5654 2020 5718 ihrer

637 5848 661 5894 a)
677 5840 729 5884 Eia
742 5841 808 5886 Wort
820 5842 853 5884 tat
867 5841 946 5885 durch
958 5841 1043 5886 Rosur
1054 5842 1148 5896 actitat.
