4416 6414
899 314 969 370 isra
988 314 1105 370 otmar
1124 315 1166 370 aa.
1816 317 1863 384 25

192 517 234 574 et
265 510 438 592 pertinent
465 530 506 576 ex
532 509 731 578 fundacione
761 519 793 576 ot
822 511 995 578 dotacione
1024 511 1160 578 ecclesie
1188 513 1506 582 Fraukemcordcosis
1531 512 1685 593 eiusdem,
1714 533 1775 594 que
1800 513 1863 581 ori-

192 615 362 700 ginaliter
393 619 435 685 ab
465 617 721 700 imperatoribus
749 617 909 685 Romanis
937 615 1001 684 huit
1029 616 1170 685 fundata
1198 625 1231 686 et
1260 623 1377 686 dotata
1405 619 1642 702 conventualis,
1673 639 1735 702 que
1764 619 1798 686 in
1826 640 1862 688 se

196 725 399 792 continebat
423 731 456 790 et
480 725 627 791 continet
650 725 758 792 omnia
772 724 846 791 iura
863 725 1084 808 parrochIalia
1100 732 1133 791 et
1149 725 1279 808 plenam
1296 725 1626 793 amministracionem
1642 727 1862 809 spiritualium

195 837 237 896 et
268 832 497 914 temporalium
526 835 568 898 ad
597 835 733 899 eaodem
763 832 1009 914 pertinencium,
1039 833 1073 898 in
1103 852 1166 915 qua
1195 832 1325 915 quidem
1353 833 1493 900 ecclesia
1521 853 1677 916 processu
1706 834 1862 916 temporis

198 941 387 1020 deputatus
411 937 476 1004 fuit
498 939 668 1022 plebanus
696 939 748 1006 cui
771 940 874 1006 solum
898 939 1092 1006 exercicium
1116 939 1218 1022 ipsius
1240 959 1317 1006 cure
1338 940 1554 1022 parrochialis
1575 941 1779 1008 commissum
1797 939 1862 1007 luit
1904 961 1906 966 ·

196 1045 307 1111 certis
330 1045 512 1127 stipendiis,
539 1065 600 1127 que
627 1046 814 1112 consistunt
838 1045 870 1112 iu
895 1045 1119 1114 oblacionibus
1143 1047 1194 1114 sui
1217 1047 1344 1128 altaria,
1370 1047 1434 1114 sibi
1458 1048 1635 1130 deputatis,
1662 1051 1748 1131 dote,
1773 1048 1862 1114 deci-

196 1153 267 1220 mis
296 1151 385 1218 inira
414 1152 569 1218 termipos
599 1152 771 1236 parrochie
794 1155 1133 1221 Franckcnvordeosis
1160 1154 1355 1220 exeuntibus
1384 1163 1417 1219 et
1441 1154 1710 1237 provenientibus
1733 1175 1860 1222 necnon

197 1260 422 1341 proventibus
443 1267 477 1326 et
497 1249 681 1326 redditibus
703 1267 737 1326 et
752 1259 880 1327 iuribus
897 1260 1060 1328 universis
1078 1264 1119 1328 ad
1136 1260 1258 1326 dictam
1275 1260 1448 1328 ecclesiam
1464 1262 1716 1344 pertinentibus,
1734 1281 1861 1328 necnon

196 1366 368 1433 universis
395 1374 430 1434 et
459 1367 597 1452 singulis
627 1367 754 1434 iuribus
782 1367 815 1433 io
845 1368 1006 1450 peticione
1036 1368 1196 1434 dictorum
1226 1367 1343 1434 decani
1371 1374 1405 1433 et
1433 1368 1571 1450 capituli
1599 1369 1798 1450 specificatis
1827 1376 1861 1436 et

196 1474 379 1556 expressis,
405 1474 542 1540 ecclesie
566 1475 889 1540 Franckeaoordemsi
912 1474 1123 1542 conventuali
1146 1482 1179 1542 et
1200 1477 1324 1541 decano
1346 1482 1380 1542 et
1400 1475 1544 1557 capitulo
1565 1475 1710 1542 eiusdem
1724 1475 1861 1543 ecclesie

200 1581 389 1647 reservatis
415 1588 449 1647 et
471 1581 622 1650 retentis.
671 1580 703 1667 1)
728 1582 812 1647 Item
836 1585 879 1648 ad
902 1582 991 1664 illud,
1018 1585 1102 1663 quod
1127 1581 1206 1648 dicit
1230 1582 1398 1664 plebanus
1424 1585 1510 1664 quod
1534 1582 1597 1648 sihi
1619 1582 1770 1664 deputati
1786 1581 1861 1648 sim-

194 1688 357 1769 pediatur
385 1688 420 1754 in
450 1687 560 1754 missis
591 1708 649 1770 per
680 1691 839 1755 decanum
867 1696 901 1754 et
929 1688 1109 1770 capitulum
1132 1687 1337 1769 tempestivis
1361 1687 1616 1770 pulsacionibuS,
1640 1691 1861 1770 respondetur

195 1814 262 1876 per
293 1793 577 1876 interceptionem,
609 1798 695 1875 quod
726 1814 790 1860 non
821 1801 872 1860 est
902 1794 1078 1877 impeditus
1109 1813 1168 1876 per
1198 1797 1357 1860 decanum
1388 1801 1421 1860 et
1451 1793 1640 1877 capitulum,
1670 1798 1728 1861 sed
1754 1795 1860 1878 magis

196 1909 340 1967 econtra
370 1901 530 1982 plebanus
560 1908 594 1968 et
624 1900 675 1967 sui
705 1902 787 1968 socii
818 1922 877 1983 per
905 1904 1035 1968 tardam
1064 1899 1284 1984 pulsacionem
1313 1909 1345 1967 et
1371 1901 1628 1984 protractionem
1652 1901 1785 1969 nimiam
1810 1901 1861 1968 sui

198 2007 302 2073 officii
332 2007 574 2090 impediverunt
604 2012 763 2074 decanum
795 2017 828 2074 et
859 2008 1047 2092 capitulum,
1081 2008 1251 2090 quominus
1283 2008 1348 2091 ipsi
1378 2015 1513 2092 possent
1546 2007 1691 2076 divinum
1722 2007 1858 2075 officium

195 2117 298 2180 modo
315 2115 425 2180 debito
442 2115 629 2197 adimplere.
664 2116 699 2201 2)
715 2116 799 2181 item
816 2119 858 2182 ad
874 2116 964 2197 illud,
983 2118 1068 2196 quod
1085 2115 1214 2197 dicitur,
1232 2119 1318 2196 quod
1338 2115 1536 2198 prohibeant
1550 2116 1657 2198 ipsum
1674 2114 1858 2197 plebanum,

194 2241 242 2288 ne
268 2223 485 2288 communicet
509 2241 602 2288 snum
625 2223 781 2305 populum
804 2223 918 2290 diebus
942 2222 1062 2288 ibidem
1082 2221 1257 2305 expressis,
1280 2228 1314 2288 et
1330 2242 1370 2288 ne
1389 2222 1532 2289 celebret
1550 2221 1694 2290 divinum
1710 2221 1857 2304 officium,

194 2332 429 2412 respondetur,
456 2331 541 2410 quod
565 2331 626 2396 hoc
650 2349 716 2395 non
738 2328 867 2396 iaciunt
889 2329 923 2396 in
944 2329 1097 2396 iniuriam
1113 2329 1195 2395 dicti
1210 2329 1351 2411 plebem,
1374 2331 1431 2394 sed
1447 2333 1569 2396 utendo
1585 2329 1656 2395 iure
1672 2347 1742 2410 suo,
1760 2333 1859 2409 prout

195 2455 305 2518 snpra
333 2442 384 2502 est
410 2455 605 2518 responsum
634 2442 667 2502 et
695 2437 729 2501 in
755 2436 916 2518 peticione
940 2435 1043 2518 ipsius
1069 2435 1186 2502 decani
1209 2442 1242 2501 et
1266 2435 1404 2517 capituli
1428 2436 1556 2518 plenius
1580 2442 1632 2502 est
1655 2454 1856 2518 expressum.

195 2543 235 2628 3)
257 2543 340 2608 Item
369 2541 440 2608 iure
469 2561 527 2608 suo
556 2542 721 2624 recipiunt
745 2542 931 2609 oblaciones
955 2549 989 2608 et
1011 2543 1125 2628 legata
1149 2542 1270 2608 eisdem
1294 2543 1413 2609 relicta
1436 2549 1469 2610 et
1493 2562 1633 2628 corpora
1655 2549 1858 2608 mortuorum

195 2651 340 2715 tradunt
368 2649 591 2715 eccleSIastice
619 2650 787 2732 sepulture
812 2657 845 2716 et
869 2647 1033 2716 funeralia
1056 2649 1220 2732 recipiunt
1243 2667 1364 2728 eorum,
1390 2649 1444 2730 qui
1468 2652 1556 2732 apud
1579 2668 1635 2715 eos
1659 2647 1784 2732 eligunt
1807 2667 1857 2715 se-

199 2757 381 2838 pulturam,
405 2776 470 2822 non
494 2755 528 2821 in
551 2755 704 2823 iniuriam
720 2756 854 2838 plebani
869 2756 1045 2839 prenotati.
1079 2757 1113 2841 4)
1129 2757 1214 2822 Item
1231 2759 1272 2822 ad
1289 2757 1378 2839 illud,
1404 2759 1489 2838 quod
1506 2755 1594 2838 dicit,
1613 2759 1697 2836 quod
1715 2758 1858 2822 decanus

198 2868 235 2928 et
261 2862 441 2944 capitulum
463 2862 498 2928 in
522 2861 662 2930 ecclesia
685 2883 745 2930 sua
769 2862 970 2945 parrochiali
992 2863 1125 2946 erigant
1149 2863 1278 2945 altaria,
1296 2883 1422 2930 necnon
1446 2863 1562 2930 vicarii
1577 2863 1611 2928 in
1629 2862 1726 2928 dictis
1743 2861 1857 2928 altari·

195 2969 262 3034 bus
287 2969 473 3035 oblaciones
497 2969 669 3051 recipiant,
686 2973 922 3052 respondetur.
948 2976 985 3034 nt
1009 2989 1119 3052 supra,
1144 2969 1297 3036 videlieet
1321 2973 1407 3050 quod
1429 2971 1491 3036 hoc
1511 2968 1641 3036 iaciunt
1657 2975 1691 3035 et
1706 2967 1858 3036 iecerunt

196 3078 322 3141 utendo
352 3077 425 3142 iure
456 3094 524 3158 suo,
557 3076 634 3158 quia
663 3075 836 3159 disposicio
868 3085 902 3142 et
931 3076 1130 3160 gubernacio
1160 3075 1265 3143 tocius
1293 3069 1438 3154 ecclesie,
1464 3084 1533 3143 tarn
1560 3076 1594 3143 in
1618 3075 1855 3160 spiritualibus

196 3201 298 3262 quam
319 3182 564 3265 temporalibus,
593 3203 719 3250 necnon
744 3184 973 3267 augmentatio
996 3182 1229 3250 servitiorum*
1256 3190 1290 3249 et
1312 3181 1541 3250 beneficiorum
1563 3183 1596 3248 in
1613 3183 1702 3248 dicta
1718 3182 1857 3249 ecclesia

197 3295 233 3354 et
259 3288 397 3372 collegio
420 3293 596 3356 eorumdem
621 3291 785 3372 spectavit
811 3311 938 3373 semper
962 3298 996 3357 et
1019 3291 1164 3372 pertinet
1187 3293 1229 3356 ad
1254 3293 1412 3356 decanum
1436 3297 1470 3356 et
1495 3287 1674 3372 capitulum
1690 3289 1856 3372 predictos

197 3399 239 3462 de
262 3394 344 3478 iure,
371 3403 469 3478 prout
489 3415 591 3479 supra
611 3404 662 3464 est
683 3404 819 3480 tactum,
842 3404 874 3464 et
896 3400 935 3464 de
953 3397 1187 3464 consuetudine
1204 3395 1307 3464 eciam
1323 3396 1472 3482 generali
1487 3395 1629 3463 omniurn
1645 3396 1854 3462 ecclesiarum

198 3503 468 3572 conventualium
508 3503 654 3570 civitatis
688 3510 721 3570 et
754 3504 905 3588 dyocesis
938 3504 1144 3588 Mogontioe,
1176 3523 1237 3569 nec
1268 3506 1310 3569 ad
1339 3503 1446 3584 ipsum
1477 3503 1652 3584 plebanum
1683 3503 1855 3586 quicquam

197 3610 346 3692 pertinet
374 3613 413 3676 de
444 3609 576 3692 eisdem,
603 3615 659 3677 sed
692 3612 794 3678 solum
821 3611 976 3678 officiacio
1000 3611 1051 3677 sui
1075 3609 1194 3678 altaris
1216 3610 1388 3691 parrochie
1413 3617 1446 3676 et
1470 3609 1646 3693 regiminis,
1671 3616 1770 3693 prout
1793 3610 1856 3677 sibi

198 3723 250 3782 est
280 3717 496 3798 commissum,
526 3721 612 3784 unde
641 3717 710 3783 eius
740 3737 919 3785 consensus
947 3739 1046 3800 snper
1074 3717 1319 3800 constitucione,
1346 3717 1556 3784 ordinacione
1581 3725 1615 3783 et
1639 3716 1855 3800 disposicione

198 3843 265 3889 non
290 3831 341 3889 est
365 3822 554 3905 aliqualiter
578 3825 804 3906 requirendus.
852 3825 884 3910 5)
910 3826 994 3892 Item
1012 3828 1053 3892 ad
1069 3825 1158 3908 illud,
1185 3827 1269 3906 quod
1287 3825 1378 3906 dicit,
1404 3827 1490 3906 quod
1507 3827 1648 3906 quadarn
1665 3824 1716 3890 die
1731 3824 1854 3906 pasche

197 3929 410 3997 turbaverint
437 3931 541 4012 ipsius
565 3931 698 4013 plebani
722 3932 868 4015 officium,
893 3935 1121 4015 respondetur,
1148 3934 1232 4013 quod
1256 3951 1363 4016 ymmo
1387 3933 1458 4015 ipse
1482 3933 1641 4014 plebanus
1665 3934 1776 3997 eodem
1801 3930 1852 3998 die

196 4037 349 4104 turbavit
379 4037 515 4104 officinm
547 4038 637 4104 chori
669 4042 884 4121 presumendo
915 4047 1036 4106 temere
1068 4036 1209 4104 officiare
1240 4038 1274 4103 in
1307 4037 1407 4104 altari
1436 4037 1541 4119 chori,
1574 4039 1658 4118 quod
1690 4036 1753 4102 sibi
1787 4057 1852 4104 non

196 4145 415 4226 competebat,
434 4164 494 4210 nec
510 4164 662 4226 umquam
679 4166 699 4212 a
714 4147 854 4228 plebano
871 4147 1191 4212 Franckemoordmsa'
1204 4145 1309 4212 visum
1326 4149 1377 4211 est
1392 4146 1453 4211 hoc
1470 4165 1542 4210 esse
1559 4150 1680 4214 actum.
1717 4145 1750 4229 6)
1767 4127 1853 4210 Item

197 4253 241 4317 ad
258 4249 348 4332 illud,
373 4255 459 4331 quod
475 4251 565 4334 dicit,
591 4255 675 4333 qnod
692 4252 726 4318 in
742 4253 794 4320 die
810 4254 906 4320 beate
923 4253 1027 4319 Marie
1044 4253 1240 4337 Magdalene
1258 4252 1404 4320 divinum
1420 4251 1555 4318 officium
1573 4251 1851 4334 perturbaverint,

198 4360 427 4440 respondetur,
453 4361 539 4439 quod
563 4359 786 4440 sollempniter
810 4360 1061 4426 celebraverunt
1085 4359 1229 4426 divinum
1253 4359 1389 4425 officinm
1412 4359 1446 4424 in
1470 4357 1570 4424 altari
1585 4357 1743 4440 predicto,
1768 4361 1852 4438 quod

197 4470 377 4547 potuemnt
393 4467 432 4530 de
448 4464 519 4531 iure
536 4471 570 4531 et
585 4472 724 4548 possunt
740 4464 851 4532 iacere
866 4467 901 4532 in
918 4466 1063 4548 quolibet
1079 4467 1179 4534 altari
1195 4467 1282 4533 dicte
1299 4466 1446 4548 ecclesie,
1464 4465 1618 4547 quociens
1634 4465 1714 4548 ipsis
1731 4465 1850 4548 placet,

196 4578 345 4652 tempore
369 4591 512 4656 congruo
537 4578 571 4638 et
594 4579 765 4653 oportuno.
805 4575 837 4657 7)
853 4573 938 4640 Item
955 4577 997 4640 ad
1014 4575 1103 4656 illud,
1129 4577 1213 4654 quod
1231 4573 1385 4656 proponit
1402 4579 1519 4640 contra
1535 4573 1641 4638 socios
1658 4578 1691 4640 et
1707 4573 1851 4639 vicarios

195 4679 538 4745 Franckemoordemses
562 4685 596 4744 et
619 4678 771 4762 vicarios
798 4683 883 4762 quod
906 4681 970 4763 ipsi
994 4681 1157 4764 recipiant
1180 4681 1376 4763 oblaciones
1401 4680 1435 4746 in
1460 4679 1527 4747 suis
1545 4679 1708 4746 altaribus
1725 4682 1765 4745 de
1780 4679 1851 4746 inre

196 4791 232 4851 et
262 4784 497 4851 consuetudine
529 4787 716 4868 approbata
746 4807 766 4852 a
796 4794 952 4870 tempore,
985 4789 1076 4855 cuius
1107 4787 1262 4856 memoria
1292 4807 1357 4853 non
1381 4786 1503 4868 existit,
1531 4785 1677 4869 recipere
1700 4771 1848 4869 possunt,

196 4894 368 4958 dummodo
399 4891 568 4958 officiando
598 4911 675 4958 snas
705 4893 823 4960 missas
852 4914 924 4960 cum
953 4895 1093 4976 plebano
1117 4895 1278 4961 officiante
1303 4914 1364 4961 sna
1386 4897 1469 4961 hora
1491 4913 1556 4960 non
1580 4900 1788 4974 concurrant,
1813 4901 1851 4959 nt

195 5001 259 5066 hoc
283 4998 385 5064 eciam
409 4999 532 5066 dictum
554 4999 588 5065 in
613 4999 776 5081 peticione
801 5002 918 5067 decani
942 5009 975 5068 et
999 5001 1137 5085 capituli
1153 5001 1383 5084 predictorum.
1417 5003 1450 5086 8)
1468 5003 1551 5068 item
1566 5000 1747 5082 Philippus,
1764 5020 1849 5066 nunc

195 5110 351 5188 decanus
382 5108 507 5172 duobus
538 5107 636 5173 annis
666 5107 792 5190 recepit
822 5109 1009 5176 oblaciones
1039 5109 1152 5175 diebus
1175 5109 1209 5175 in
1235 5109 1398 5191 peticione
1422 5107 1556 5192 plebani
1579 5107 1754 5191 expressis,
1778 5105 1849 5174 iore

195 5213 285 5279 dicte
316 5213 452 5280 ecclesie
482 5214 804 5280 Franckemoordemsi
834 5216 1042 5298 competenti,
1072 5237 1136 5282 non
1160 5214 1216 5282 inb
1238 5216 1390 5283 iniuriam
1413 5215 1496 5283 dicti
1521 5215 1661 5299 plebani,
1688 5221 1850 5296 utsupra

194 5327 248 5386 est
273 5319 404 5386 dictum.
441 5319 475 5406 9)
491 5321 576 5386 Item
600 5324 641 5388 ad
664 5321 755 5404 illud,
781 5325 866 5403 quod
883 5322 971 5405 dicit,
991 5327 1075 5404 quod
1091 5323 1256 5406 excepcio,
1276 5344 1334 5406 per
1350 5327 1508 5390 decanum
1529 5317 1562 5390 et
1578 5322 1758 5405 capitulum
1774 5341 1850 5404 pre-

192 5428 302 5494 dictos
334 5447 444 5493 coram
473 5427 576 5510 vobis,
608 5429 736 5494 domino
770 5429 944 5495 scolastico
978 5431 1114 5497 ecclesie
1144 5439 1259 5498 sancte
1290 5431 1396 5498 Marie
1427 5434 1469 5498 ad
1500 5433 1632 5500 Gradus
1657 5431 1848 5514 Maguntinc

189 5534 355 5619 predicto,
387 5535 566 5617 proposita,
598 5555 663 5606 nou
694 5536 738 5602 sit
768 5538 920 5616 probata,
951 5544 985 5603 et
1009 5541 1093 5618 quod
1121 5558 1186 5605 non
1211 5539 1419 5606 servaverint
1443 5541 1586 5604 decanus
1611 5544 1644 5604 et
1668 5537 1846 5620 capitulum

152 5705 156 5711 .
190 5640 449 5724 ordinacionem,
474 5649 572 5724 prout
593 5643 692 5725 Iacet,
718 5646 945 5726 respondetur,
968 5648 1053 5726 quod
1068 5663 1174 5729 ymmo
1191 5645 1281 5712 dicta
1297 5644 1450 5728 excepcio
1466 5644 1612 5730 legitime
1628 5652 1679 5711 est
1695 5645 1846 5728 probata,

462 5783 487 5835 ι)
502 5779 607 5835 Varlaae
621 5783 802 5834 ,amiternina
830 5784 855 5838 b)
870 5783 947 5828 From
959 5784 986 5826 im
1001 5783 1045 5828 der
1058 5783 1167 5838 Variana.

244 5895 412 5940 Fruuntur
424 5895 622 5940 Urknndenbuch
636 5896 666 5941 ΙΙ.
979 5958 980 5961 ¹
1723 5893 1740 5945 4
