4436 6404
402 370 467 436 218
1091 367 1161 422 1325
1180 365 1298 422 October
1317 367 1360 426 14.

402 570 436 630 et
464 563 594 630 illorum
624 566 761 630 duorum
792 561 945 630 octatium
975 581 1074 628 unum
1103 561 1137 626 in
1169 561 1396 629 anniversario
1427 561 1585 646 predicto,
1610 561 1770 646 reliquum
1800 583 1879 632 vero
1909 563 1944 631 in
1967 559 2056 630 festo

403 669 629 752 concepcionis
652 671 750 736 beate
773 669 912 751 virginis
935 668 1023 734 inter
1045 665 1170 734 tratres
1194 667 1439 748 presenciarum
1462 667 1590 734 nominc
1615 668 1776 751 equaliter
1792 668 1968 737 dividatur.
2010 667 2057 734 Et

402 794 461 842 nos
494 779 638 842 decanus
669 781 701 840 et
732 775 911 856 capitulum
942 772 1101 839 antedicti
1131 773 1275 839 eiusdem
1305 773 1438 854 plebani
1467 773 1595 857 merita,
1621 777 1890 856 quemadmodum
1919 777 1960 841 de
1983 773 2056 840 iure

403 887 568 962 tenemur,
600 879 787 947 memoriter
820 881 1047 959 attendentes,
1079 877 1185 960 ipsum
1218 881 1259 943 ad
1292 885 1439 945 nostram
1470 877 1779 948 confraternitatem
1807 880 1993 962 recepimus
2023 887 2058 945 et

403 985 630 1052 nichilominus
654 985 829 1067 recipimus
853 1004 912 1066 per
936 991 1117 1066 presentes
1141 981 1303 1050 iacientes
1327 1003 1398 1050 cum
1424 984 1619 1068 participem
1642 993 1831 1053 nostrarum
1855 985 2055 1066 predonum,

402 1091 590 1175 vigiliarum
626 1098 659 1158 ct
693 1091 868 1157 missarum
904 1097 1149 1172 ceterorumque
1184 1092 1342 1156 bonorum
1377 1109 1520 1172 operum,
1553 1109 1615 1172 que
1649 1098 1822 1174 prestante
1856 1090 1986 1159 domino
2022 1089 2057 1156 in

403 1196 549 1264 ecclesiis
566 1195 747 1278 collegiatis
764 1195 835 1262 iteri
852 1201 1102 1276 consueverunt,
1128 1215 1187 1261 nos
1204 1194 1307 1260 eciam
1323 1197 1461 1262 eundem
1478 1247 1484 1261 .
1501 1247 1507 1262 .
1526 1196 1700 1278 plebanum
1716 1199 1804 1280 apud
1820 1215 1880 1264 nos
1896 1203 2057 1278 tanquam

402 1308 550 1369 nostrum
581 1300 779 1369 confratrem
811 1301 1013 1382 sepeliamus
1039 1301 1068 1367 si
1097 1299 1186 1366 16166
1217 1301 1372 1368 terminos
1396 1301 1576 1368 decesserit
1599 1309 1633 1368 et
1656 1301 1686 1368 si
1709 1300 1869 1368 fuerimus
1891 1299 2055 1383 requisiti.

402 1410 442 1473 In
475 1408 568 1475 cuius
601 1409 650 1474 rei
681 1407 905 1473 testimonium
937 1414 1106 1488 presentes
1138 1406 1200 1472 sibi
1230 1406 1377 1472 dedimus
1406 1406 1536 1473 litteras
1568 1407 1704 1475 66616616
1735 1417 1848 1474 666166
1879 1407 2057 1474 munimine

403 1517 588 1584 roboratas.
637 1514 759 1580 Datum
783 1533 868 1578 anno
894 1513 1014 1579 domini
1037 1514 1077 1580 rh.
1101 1509 1166 1578 661.
1184 1513 1303 1594 XXV,
1329 1513 1406 1578 XII.
1429 1514 1590 1580 kalendas
1613 1513 1767 1581 octobris.

617 1673 808 1742 (11661661196
826 1672 1028 1742 16616119669
1048 1672 1105 1738 661
1117 1673 1214 1742 Ρ961.,
1234 1671 1356 1725 666611
1376 1669 1615 1742 sequestrabatur.
1653 1672 1692 1728 St.
1705 1674 1740 1727 A.
1756 1673 1806 1728 Fr.
1844 1673 2057 1737 Leortburdets'tt

615 1761 835 1918 1169161111111666
853 1849 891 1918 Ρ,
912 1853 962 1904 135
980 1866 1016 1903 aa
1034 1849 1187 1918 September
1204 1851 1256 1903 26!

402 2161 494 2237 286.
520 2169 717 2249 Ε661166161
745 2169 890 2234 Μ611166
923 2191 979 2233 666
1008 2169 1123 2234 Maior
1153 2171 1336 2255 1666116691
1365 2173 1424 2237 den
1447 2171 1629 2238 1166166166
1659 2173 1725 2238 und
1754 2173 1815 2238 deo
1837 2173 1966 2240 Kurttor
1997 2193 2056 2237 oon

520 2277 564 2340 St.
583 2276 857 2351 Bartholomaeus,
889 2277 938 2339 6116
963 2277 1169 2356 8111161666
1198 2299 1241 2342 66
1267 2277 1313 2340 Sc.
1330 2277 1500 2342 Leorcbord
1529 2279 1596 2343 und
1625 2283 1726 2364 616196
1756 2281 1871 2345 6661666
1895 2279 2058 2344 Personas

519 2405 580 2446 666
605 2383 750 2466 Η6ν9616
773 2384 829 2446 6161·
854 2385 900 2446 bri
922 2385 978 2445 ‹lcr
1004 2383 1186 2467 Grir'rniunq
1209 2385 1279 2448 dem
1297 2387 1341 2448 st.
1355 2383 1612 2466 Lconhordstifte
1634 2387 1815 2470 9666616166
1830 2387 2057 2470 8616616696

519 2491 585 2554 6661
612 2489 757 2572 Ζ6161669
781 2491 836 2553 cler
860 2491 1016 2554 Seleucides
1040 2490 1239 2554 rrrcsuholten.
1287 2490 1555 2574 Ascbaffcnbarq,
1582 2497 1668 2556 1325
1695 2494 1824 2560 October
1848 2493 1916 2558 14.ι

509 2647 655 2713 Μ611166
679 2648 730 2713 dei
754 2649 866 2732 gracia
890 2654 1004 2713 sancte
1020 2647 1211 2730 Moguntine
1235 2649 1322 2715 sedis
1346 2649 1622 2733 archiepiscopus,
1648 2652 1737 2718 sacri
1752 2651 1880 2734 imperii
1894 2671 1954 2734 per
1970 2653 2056 2718 Ger-

402 2755 543 2820 maniam
565 2754 885 2835 archicancellarius,
912 2755 1157 2820 honorabilibus
1178 2755 1258 2821 viris
1282 2807 1289 2820 .
1310 2807 1315 2820 .
1342 2757 1464 2823 decano
1482 2764 1514 2823 61
1539 2761 1566 2842 11
1583 2753 1623 2824 “..
1650 2757 1778 2824 6661661
1794 2757 1931 2824 66616616
1947 2757 2057 2824 sancti

402 2860 627 2926 Bartholomei
643 2860 976 2934 Frankenlordcnsis,
1003 2861 1130 2926 devotis
1147 2861 1214 2926 suis
1231 2861 1369 2944 dilectis,
1395 2862 1533 2930 salutem
1550 2863 1583 2929 in
1600 2863 1738 2930 domino.
1778 2864 2057 2947 supplicaverunt

402 2966 495 3032 nobis
520 2967 546 3050 11
573 3019 578 3032 .
599 3019 604 3030 .
631 2967 774 3032 decanus
792 2975 824 3032 et
850 3020 855 3030 .
876 3020 882 3031 .
908 2967 1087 3048 capitulum
1104 2966 1239 3033 ecclesie
1256 2976 1370 3036 sancte
1387 2969 1491 3035 Maria
1508 2976 1541 3036 et
1558 2971 1666 3036 sancti
1682 2971 1818 3055 Georgii
1832 2971 2058 3040 1616661666-

403 3071 486 3153 iord
512 3072 639 3139 novelle
671 3073 899 3154 plantacionis,
926 3074 1037 3139 ‹levoti
1067 3074 1172 3138 nostri
1200 3075 1319 3155 dilecti,
1337 3077 1550 3160 1166616666,
1576 3097 1648 3143 cum
1672 3077 1819 3144 nonnulli
1843 3097 1953 3144 eorum
1977 3097 2056 3144 con-

403 3179 552 3244 canonici
574 3181 661 3245 1666
684 3183 822 3260 quedam
847 3189 881 3245 et
905 3199 957 3245 666
981 3179 1115 3246 mobiles
1140 3200 1179 3245 66
1203 3181 1373 3248 inmobiles
1398 3202 1456 3264 pro
1480 3182 1690 3250 institucione
1715 3190 1749 3250 61
1772 3183 2056 3251 6666666661666

402 3287 642 3366 prebendarum
675 3305 817 3368 suarum,
853 3307 976 3352 necnon
1009 3286 1043 3350 16
1075 3286 1335 3354 melioracionem
1369 3293 1555 3372 earundem,
1590 3290 1671 3372 ipsis
1704 3297 1739 3356 61
1771 3310 1883 3358 eorum
1915 3291 2056 3358 ecclesie

402 3391 645 3472 deputaverint,
670 3391 829 3473 iidemque
862 3401 894 3458 61
921 3397 1059 3474 quedam
1084 3413 1223 3474 persone
1247 3394 1310 3460 alie
1334 3397 1549 3463 communiter
1572 3417 1629 3462 seu
1653 3395 1784 3464 divisim
1807 3397 1887 3480 ipsis
1910 3403 1943 3463 et
1968 3397 2056 3464 dicte

403 3517 513 3562 eorum
538 3498 674 3563 66616616
698 3498 847 3564 similiter
871 3503 1008 3580 quedam
1032 3502 1119 3565 bona
1142 3507 1175 3566 61
1200 3521 1252 3565 666
1276 3501 1339 3567 6116
1364 3509 1397 3567 61
1412 3503 1659 3570 racionabiliter
1675 3504 1709 3570 in
1725 3508 1861 3570 eandem
1876 3502 2057 3570 utilitatem

403 3604 601 3670 donaverint
625 3611 658 3670 et
682 3605 867 3687 legaverint
892 3610 1115 3672 convertenda
1140 3613 1172 3672 et
1196 3607 1229 3673 in
1253 3608 1315 3674 hiis
1338 3607 1570 3692 impediantur,
1597 3612 1768 3692 quominus
1788 3610 1950 3693 premissa
1966 3610 2057 3677 debi-

402 3716 470 3774 tum
502 3710 689 3776 sorciantur
721 3711 938 3794 silentumin
970 3717 1202 3779 eorundem..
1229 3715 1345 3780 decani
1369 3721 1401 3780 et
1428 3767 1460 3784 ..
1487 3717 1625 3798 capituli
1656 3739 1694 3785 ac
1726 3716 1861 3784 66616616
1892 3737 1950 3784 666
1982 3736 2057 3799 pre-

402 3815 557 3881 iudicium
588 3837 651 3882 non
683 3817 843 3883 modicum
874 3827 906 3884 et
937 3840 1126 3902 gravamen,
1153 3823 1301 3902 quodque
1332 3822 1462 3902 quidam
1493 3823 1575 3906 ipsis
1599 3832 1632 3890 61
1656 3825 1792 3892 ecclesie
1816 3844 1873 3890 sue
1896 3824 1931 3890 in
1955 3823 2057 3889 certis

402 3923 521 3989 debitis
551 3922 689 4006 obligati
720 3924 877 4006 existant,
903 3945 963 3991 666
994 3927 1134 4008 solvant,
1160 3947 1220 3993 nec
1251 3935 1367 3993 curent
1398 3929 1535 4012 solvere,
1561 3939 1597 3997 ut
1627 3939 1798 4013 tenentur;
1830 3937 1992 4013 petentes
2019 3937 2057 3996 ut

401 4028 482 4110 ipsis
506 4036 673 4096 eteorum
698 4021 834 4096 ecclesie
859 4037 999 4114 desuper
1023 4033 1196 4114 providere
1220 4037 1260 4099 (16
1285 4041 1445 4114 oportuno
1469 4037 1613 4104 remedio
1631 4038 1850 4122 dignaremur.
1891 4035 2057 4122 Quocirca

403 4135 597 4202 discrecioni
632 4145 742 4202 vestre
778 4145 811 4203 61
847 4139 979 4204 cuilibet
1016 4146 1161 4206 vestrum
1196 4139 1230 4204 in
1264 4141 1400 4206 solidum
1435 4143 1469 4209 in
1500 4144 1562 4210 hiis
1593 4145 1727 4226 scriptis
1758 4143 1990 4211 committimus
2022 4149 2057 4209 et

401 4246 604 4326 mandamus,
630 4251 789 4324 quatenus
814 4265 872 4311 vos
897 4247 991 4310 ambo
1016 4246 1068 4312 vel
1092 4247 1177 4310 61166
1193 4253 1350 4328 vestrum,
1376 4257 1474 4330 prout
1490 4249 1620 4317 fueritis
1637 4250 1795 4332 requisiti,
1820 4251 1926 4316 dictos
1942 4268 2056 4316 eorum

402 4349 650 4428 concanonicos
676 4351 731 4430 qui
761 4351 792 4414 id
825 4351 1001 4433 adimplere
1032 4353 1193 4418 hactenus
1223 4354 1439 4436 neglexerunt
1469 4362 1527 4422 aut
1559 4377 1639 4439 quos
1669 4357 1836 4441 negligere
1866 4357 2055 4442 contigerit,

400 4461 437 4519 ut
468 4457 653 4536 prebendas
686 4476 764 4522 suas
795 4457 981 4532 instituant,
1014 4459 1187 4540 perficiant
1218 4467 1251 4525 et
1283 4470 1508 4529 consummant
1538 4465 1688 4546 bonaque
1720 4471 1753 4530 et
1776 4483 1829 4530 res
1853 4463 1990 4530 mobiles
2016 4485 2055 4530 ac

399 4559 579 4642 inmobiles
607 4565 647 4626 ad
673 4565 733 4627 hoc
758 4566 936 4644 deputatas
956 4585 1012 4630 seu
1028 4564 1163 4631 inantea
1180 4569 1397 4648 deputandas,
1422 4569 1504 4652 ipsis
1530 4621 1561 4635 ..
1588 4573 1712 4636 decano
1737 4577 1770 4636 et
1795 4621 1827 4634 ..
1853 4569 1998 4652 capitulo
2016 4591 2055 4637 ac

401 4667 537 4731 ecclesie
570 4687 638 4748 sne,
665 4680 761 4749 prout
790 4671 1034 4737 consuetudinis
1059 4679 1165 4737 estet
1190 4673 1298 4754 moris
1324 4674 1505 4758 assignent,
1530 4679 1690 4760 deputent
1713 4683 1747 4742 et
1770 4676 1939 4760 resignent
1963 4683 1997 4742 et
2020 4678 2054 4744 in

401 4773 637 4853 possessionem
670 4778 869 4856 corporalem
903 4778 989 4842 mitti
1020 4785 1205 4860 procurent,
1239 4785 1506 4860 quemadmodum
1537 4782 1730 4864 promittent
1760 4803 1818 4849 seu
1841 4780 1953 4849 iacere
1977 4803 2054 4866 pro-

400 4879 568 4959 miserunt,
602 4885 796 4963 eosdemque
821 4885 994 4951 canonicos
1026 4891 1059 4949 et
1090 4905 1248 4966 personas
1277 4885 1370 4966 alias
1396 4908 1455 4969 per
1485 4909 1565 4970 quos
1590 4897 1621 4954 61
1647 4909 1706 4972 per
1730 4909 1812 4970 quas
1837 4891 2054 4956 communiter

400 5004 458 5050 seu
489 4985 617 5052 divisim
648 4987 727 5053 dicti
753 5040 784 5053 ..
811 4993 954 5056 decanus
985 4998 1019 5056 ct
1050 4990 1229 5072 capitulum
1260 4998 1292 5057 et
1324 5013 1433 5060 eorum
1464 4995 2054 5079 6661661616(16661166661696116,

399 5098 437 5155 ut
461 5092 673 5176 premittitur,
699 5094 921 5177 impediuntur
945 5097 1098 5173 indebite,
1125 5101 1209 5178 quod
1234 5101 1275 5164 ab
1300 5099 1482 5167 huiusmodi
1504 5101 1745 5184 impedimentis
1769 5110 1898 5169 cessent
1922 5103 2055 5183 penitus

400 5204 432 5262 et
457 5199 632 5282 desistant,
658 5215 784 5267 necnon
809 5223 873 5284 eos,
900 5205 955 5284 qui
978 5205 1059 5286 ipsis
1083 5209 1116 5269 et
1141 5223 1251 5270 eorum
1276 5206 1412 5272 ecclesie
1436 5207 1470 5273 in
1490 5209 1589 5274 certis
1605 5209 1725 5275 debitis
1741 5208 1880 5292 obligati
1895 5210 2053 5294 existunt,

399 5322 480 5384 quos
505 5305 602 5371 iidem
622 5360 627 5372 .
644 5360 650 5372 .
669 5310 813 5374 decanus
838 5317 918 5374 61..
938 5311 1115 5392 capitulum
1139 5311 1233 5378 vobis
1257 5313 1412 5378 duxerint
1430 5315 1655 5394 nominandos,
1679 5323 1716 5380 ut
1733 5315 1845 5382 debita
1860 5320 2054 5400 persolvant

399 5408 489 5475 16166
519 5419 649 5493 tempus
679 5413 773 5480 iuxta
803 5423 914 5482 vestre
946 5417 1158 5483 discrecionis
1182 5417 1355 5484 arbitrium
1379 5424 1621 5504 moderandum,
1646 5421 1817 5505 moneatis,
1842 5423 1988 5506 alioquin
2011 5429 2053 5492 ad

452 5640 460 5670 ¹
482 5645 552 5696 1325
568 5643 679 5697 October
693 5646 775 5712 16116
790 5646 1199 5716 66661166166616616619166166
1254 5649 1291 5702 St.
1306 5651 1340 5702 A.
1354 5651 1523 5720 ll'e'esboden,
1547 5653 1693 5706 Urturcderr
1713 5653 1759 5708 des
1777 5654 1905 5708 Klosters
1917 5655 2053 5710 1116616166,

398 5727 1198 5789 HermannusordinisThcutoniccrnnnlomusinFranken-
1254 5739 1333 5792 Nocb
1351 5741 1459 5810 pbtiper
1479 5743 1654 5811 11111111611669
1672 5741 1718 5796 (les
1736 5743 1946 5798 Staaoamtias.

398 5819 474 5872 vort“
487 5821 529 5874 616
535 5819 677 5875 Vormund
689 5822 1197 5896 61666111116666116166966661161.
