4416 6414
382 341 425 404 36
1069 339 1137 391 1315
1157 337 1306 392 November
1325 339 1349 390 7.
1429 421 1431 424 Ι

382 535 472 616 dicit,
498 555 553 602 eos
577 555 650 602 esse
673 555 768 603 veros
793 557 833 602 ex
857 535 1030 603 relacione.
1078 535 1113 620 3)
1132 538 1237 618 Super
1259 535 1362 602 tercIo
1379 535 1517 602 articulo
1535 535 1641 601 nescit
1657 553 1739 602 eum.
1787 535 1820 620 4)
1838 537 1943 616 Super
1957 514 2040 602 llll.

382 642 522 709 articulo
550 641 639 725 dicit,
666 662 738 709 eum
763 645 835 710 esse
858 663 981 710 verum.
1030 645 1064 730 5)
1089 645 1194 726 Super
1218 643 1330 726 quinto
1355 641 1494 708 articulo
1519 642 1609 723 dicit,
1635 645 1719 723 quod
1744 663 1808 708 non
1832 642 1961 724 plenam
1984 640 2043 708 vel

382 750 522 819 omnium
545 750 674 832 lorium,
700 751 777 832 quia
801 755 940 833 quedam
964 757 1135 818 remanent
1160 752 1247 834 apud
1272 754 1430 816 decanum
1450 756 1485 816 et
1500 750 1685 831 canonicos,
1710 749 1814 816 veluti
1830 748 2042 815 consecracio

381 857 609 941 baptismatis,
642 858 825 924 benedictio
857 858 943 924 cerei
975 864 1008 924 et
1039 858 1221 940 palmarum
1252 865 1285 923 et
1315 857 1381 930 alia
1410 857 1552 923 multa'
1544 876 1617 923 rura
1647 855 1806 939 plebanie.
1868 856 1903 941 6)
1934 857 2043 936 Super

381 965 437 1031 VI.
461 970 515 1031 art
501 965 602 1031 ticulo
634 965 727 1044 dicit,
760 968 845 1047 quod
876 965 1029 1032 obeditur
1059 965 1160 1031 sibi'
1152 985 1185 1032 m
1217 963 1395 1031 commissis
1427 964 1530 1030 eidem
1561 971 1595 1030 et
1625 966 1726 1030 babet
1712 971 1767 1030 tur
1798 983 1856 1045 pro
1888 963 2041 1045 plebano.

383 1072 418 1156 7)
449 1073 555 1154 Super
577 1050 652 1138 vil.
686 1073 824 1138 articulo
863 1073 970 1140 nescit
1005 1092 1087 1140 eum.
1142 1073 1177 1159 8)
1205 1073 1310 1155 Super
1334 1071 1426 1138 VIII
1459 1070 1597 1137 articulo
1636 1069 1732 1152 dicit,
1765 1073 1850 1152 quod
1885 1087 2043 1137 recursus

382 1179 545 1245 habeatur
577 1179 755 1261 adipsum
786 1187 819 1246 et
849 1179 955 1247 socios
979 1199 1056 1246 suos
1081 1199 1139 1263 pro
1162 1179 1289 1246 iuribus
1313 1179 1378 1245 sibi
1403 1177 1582 1244 oonrmissiS
1606 1187 1640 1244 et
1663 1176 1869 1259 recipiuntur
1893 1177 1965 1243 ab
1957 1175 2043 1258 1psis

383 1292 592 1352 sacramenta
622 1286 807 1353 ecclesiast
783 1291 860 1352 tr.ca
908 1287 943 1372 9)
968 1289 1073 1370 Super
1096 1267 1156 1354 IX.
1180 1286 1320 1354 articulo
1345 1285 1436 1367 dicit,
1469 1287 1554 1366 quod
1577 1285 1719 1367 ligatet
1705 1283 1917 1350 tabsolvit'
1908 1302 1941 1348 m
1965 1281 2042 1349 loro

382 1391 563 1475 penitencie
593 1403 627 1458 et
651 1393 788 1478 corrigit
812 1413 967 1461 excessus
990 1394 1055 1460 sibi
1079 1399 1253 1460 accusatos
1277 1413 1336 1475 pro
1360 1391 1541 1460 violacione
1565 1389 1735 1458 festorum.
1785 1392 1840 1475 10)
1867 1391 1971 1471 Super
1994 1370 2040 1455 X.

381 1497 471 1582 dicit,
503 1503 589 1580 quod
619 1499 688 1566 sint
717 1499 863 1568 dirim
854 1521 888 1567 m
919 1501 1114 1583 quibusdam
1144 1501 1241 1567 etin
1273 1499 1467 1581 quibusdam
1497 1519 1582 1580 non,
1613 1497 1768 1566 videlicet
1798 1497 1901 1564 solum
1933 1499 2043 1564 nudas

383 1606 570 1674 oblaciones
595 1617 628 1673 et
651 1607 764 1692 legata
787 1607 859 1690 sibi,
885 1615 984 1691 prout
1007 1612 1049 1674 ad
1073 1607 1178 1691 ipsum
1203 1612 1367 1690 spectant,
1393 1627 1455 1688 que
1479 1626 1544 1673 non
1561 1608 1724 1672 excedunt
1740 1624 1897 1672 summam
1913 1610 2043 1687 septem

382 1712 557 1780 solidorum
588 1713 693 1780 miuus
724 1717 851 1781 duobus
874 1715 1028 1792 denariis.
1085 1716 1140 1802 11)
1164 1721 1269 1798 Super
1291 1715 1350 1780 XI.
1373 1713 1479 1780 nescit
1503 1732 1584 1780 eum.
1642 1714 1697 1798 12)
1718 1713 1823 1796 Super
1846 1711 1924 1778 XII.
1948 1711 2041 1790 dicit,

383 1840 455 1886 eum
479 1839 551 1887 esse
575 1841 697 1889 verum.
740 1821 884 1908 13-15)
904 1823 1009 1904 Super
1031 1822 1140 1903 XIII„
1166 1822 1280 1889 XIIII.
1304 1829 1338 1888 et
1363 1821 1434 1888 XV.
1453 1820 1602 1888 articulis
1626 1819 1732 1886 nescit
1755 1837 1820 1886 eos.
1864 1819 1918 1905 16)
1934 1819 2044 1900 Super

383 1907 473 1992 XVI.
496 1927 635 1994 articulo
659 1927 748 2005 dicit,
775 1947 846 1994 esse
870 1927 991 1994 lamam
1016 1932 1055 1996 de
1078 1929 1151 2010 hiis,
1177 1949 1238 2010 que
1263 1927 1346 1994 dixit
1370 1933 1404 1992 et
1419 1927 1580 2010 deposuit.
1630 1926 1775 2012 17-24)
1796 1925 1902 2007 Super
1918 1905 2041 2002 XVII..

386 2034 524 2116 XVIII,
551 2014 656 2116 XIX,
683 2035 774 2116 XX,
801 2015 908 2118 XXI,
937 2035 1060 2110 XXII..
1088 2035 1222 2102 XXIII.
1246 2040 1279 2101 et
1305 2033 1450 2100 XXIIII.
1473 2032 1623 2100 articulis
1647 2032 1736 2115 dicit,
1761 2032 1825 2100 sibi
1848 2031 1949 2098 nichil
1963 2051 2043 2097 con-

276 2151 279 2158 '
382 2147 475 2207 stare
505 2144 544 2208 de
575 2141 665 2223 ipsis.
725 2143 870 2226 25-527)
898 2143 1004 2234 Super
1033 2143 1152 2223 XXV,
1184 2143 1310 2209 XXVI.
1341 2148 1374 2207 et
1404 2139 1548 2206 XXVII.
1578 2138 1727 2206 articulis
1759 2141 1938 2204 concordat
1967 2159 2043 2206 cum

383 2247 592 2329 Eukehardo,
625 2267 683 2314 suo
715 2246 863 2314 conteste
893 2249 1048 2330 proximo.
1098 2249 1244 2334 28-32)
1270 2250 1375 2331 Super
1398 2247 1569 2328 XXVIII,
1597 2247 1737 2327 XXIX,
1762 2245 1884 2326 XXX,
1909 2245 2042 2316 XXXI.

383 2359 417 2420 et
439 2354 587 2421 XXXII.
611 2353 700 2436 dicit,
726 2358 810 2436 quod
842 2358 957 2421 credat
987 2358 1080 2437 bene,
1105 2357 1189 2438 quod
1220 2355 1372 2438 predicta
1396 2353 1517 2420 altaria
1540 2352 1630 2419 infra
1654 2357 1802 2435 tempora
1825 2359 1982 2418 contenta
2006 2353 2041 2418 in

381 2459 565 2527 intencione
596 2461 662 2528 sint
694 2459 787 2528 laeta
815 2468 849 2527 et
871 2461 998 2534 dotata.
1024 2470 1122 2545 prout
1144 2463 1324 2543 loquuntur
1347 2459 1488 2542 articuli,
1515 2467 1549 2526 et
1572 2461 1656 2541 quod
1680 2459 1815 2526 collacio
1837 2458 1981 2541 ipsorum
2007 2464 2043 2524 et

383 2567 580 2635 vicariorum
610 2568 644 2633 in
674 2568 764 2634 dicta
795 2568 934 2634 ecclesia
965 2574 1092 2652 spectet
1123 2572 1164 2635 ad
1196 2555 1355 2635 decanum
1379 2573 1413 2634 et
1437 2566 1616 2650 capitulum
1640 2565 1777 2632 ecclesie
1800 2567 2043 2648 Franckinfor-

382 2676 500 2757 denas,
521 2674 667 2755 addens,
700 2679 784 2756 quod
816 2679 978 2758 quondam
1002 2676 1184 2759 Dytmarus
1215 2675 1385 2756 plebanus,
1418 2679 1595 2755 antequam
1624 2671 1773 2739 redditus
1803 2671 1891 2738 dicte
1914 2672 2043 2738 vicarie

385 2786 498 2847 essent
521 2781 731 2863 comparati·
766 2781 912 2868 33-39)
933 2783 1038 2862 Super
1063 2781 1240 2862 XXXIII,
1264 2780 1458 2861 xxxssss,
1483 2778 1637 2858 XXXV,
1662 2778 1833 2859 XXXVI,
1849 2779 2042 2854 XXXVII,

387 2886 583 2957 XXXVIII.
606 2895 640 2954 et
662 2887 826 2955 XXXIX.
849 2889 998 2955 articulis
1026 2889 1115 2970 dicit,
1141 2888 1204 2955 sibi
1233 2887 1333 2954 nichil
1361 2894 1513 2954 constare
1537 2890 1577 2953 de
1599 2885 1691 2969 ipsis,
1717 2885 1781 2952 nisi
1803 2889 1889 2967 quod
1913 2886 2045 2953 audivit

387 2992 563 3074 aliquando
593 3015 614 3061 a
642 2994 805 3076 quondam
828 2995 1022 3078 Dytbmaro,
1055 2997 1194 3078 plebano
1219 2995 1543 3076 Franekinfordensi,
1576 2995 1660 3074 quod
1692 2991 1775 3058 dixit
1805 2995 1847 3057 ad
1877 2995 2042 3074 quondam

383 3100 543 3166 Iacobum
577 3103 617 3168 de
645 3101 915 3184 Spreudelingen,
947 3102 1105 3169 moenum
1137 3103 1226 3168 dicte
1257 3100 1403 3181 ecclesie,
1429 3103 1514 3182 quod
1546 3103 1642 3166 daret
1674 3099 1736 3165 sibi
1767 3099 1954 3166 oblaciones
1978 3099 2044 3166 sibi

384 3207 524 3290 oblatae,
550 3227 632 3289 quas
656 3208 787 3274 dicebat
810 3207 873 3274 sibi
896 3209 1009 3276 deberi
1033 3230 1072 3276 ex
1096 3229 1144 3292 eo,
1170 3209 1247 3290 quia
1271 3207 1491 3276 concurrisset
1515 3226 1624 3273 secum
1647 3205 1682 3272 in
1704 3205 1815 3288 missa,
1841 3210 2042 3274 tamennon

383 3313 476 3396 vidit,
508 3319 593 3396 quod
625 3314 746 3396 aliquid
778 3317 915 3382 daretur
945 3315 1008 3383 sibi
1038 3335 1098 3398 per
1127 3315 1250 3382 dictum
1280 3316 1451 3382 Iacobum.
1506 3313 1653 3400 40-49)
1675 3313 1780 3393 Super
1803 3311 1876 3376 XL.
1900 3312 2043 3380 articulo

383 3440 485 3502 usque
511 3425 552 3487 ad
576 3421 700 3488 XLIX.
723 3421 898 3490 articulum
922 3421 1011 3504 dicit,
1036 3443 1092 3489 eos
1117 3442 1189 3489 esse
1213 3441 1310 3490 veros
1327 3441 1366 3488 ex
1382 3419 1555 3487 relacione.
1603 3420 1660 3505 50)
1682 3420 1788 3500 Super
1803 3418 1842 3486 L.
1861 3423 2043 3487 concordat

385 3547 456 3592 cum
473 3528 601 3594 domino
619 3535 764 3595 cantore.
790 3530 847 3615 bl)
864 3531 968 3612 Super
984 3529 1040 3596 LI.
1059 3529 1199 3596 articulo
1216 3529 1321 3594 nescit
1337 3548 1419 3608 eum,
1438 3527 1502 3594 uisi
1517 3533 1675 3609 quantum
1691 3527 1793 3592 babet
1808 3545 1849 3592 ex
1865 3526 2040 3610 relacione,

384 3632 461 3714 qula
490 3632 545 3699 illo
570 3635 621 3700 die
645 3654 710 3700 non
734 3631 797 3700 luit
822 3635 916 3702 domi.
965 3635 1022 3722 52)
1043 3636 1149 3719 Super
1172 3635 1245 3702 LII.
1269 3634 1408 3701 articulo
1432 3633 1547 3715 credit,
1573 3653 1645 3700 esse
1668 3631 1791 3700 lamam
1815 3634 1855 3698 de
1877 3633 1952 3715 biis,
1977 3654 2042 3716 que

384 3741 455 3822 ipse
478 3741 637 3822 deposuit.
686 3741 898 3824 Collocutum,
924 3744 1139 3810 subornatum
1163 3749 1224 3810 etc.
1247 3751 1358 3825 negat.

599 3882 742 3949 Abscbrift
762 3886 818 3950 (15.
832 3883 943 3950 Jahrb.)
962 3885 993 3938 a'a
1012 3883 1316 3950 Bartb.·Stift-Bdcdcr
1334 3885 1410 3939 Seria
1428 3884 1453 3949 I,
1473 3884 1526 3938 No.
1539 3885 1597 3938 aab
1615 3881 1810 3950 fi82a-84b.
1848 3881 1887 3938 st.
1902 3883 1934 3937 A.
1949 3883 2003 3938 Fr.

385 4249 449 4326 37.
472 4259 699 4346 KloyescbrIst
730 4261 784 4326 des
815 4261 1186 4342 Bartholomacusstiftes
1216 4215 1315 4345 cepere
1346 4261 1407 4326 den
1438 4259 1578 4341 Psoron·
1607 4259 1768 4344 Sieyfrc'ed
1800 4259 1867 4324 aad
1899 4237 2041 4344 Zebpen-

474 4368 584 4434 oerbdr
606 4369 753 4434 danaber.
802 4367 1046 4451 (Bt-octaua.)
1094 4371 1181 4434 1315
1205 4367 1379 4432 November
1405 4372 1432 4431 7.

493 4507 575 4577 ...¹²
604 4508 636 4574 in
668 4508 879 4592 subscripta⁰
909 4509 1072 4592 peticione
1104 4527 1262 4591 expressa
1290 4510 1409 4574 debere
1433 4508 1467 4573 in
1491 4508 1580 4574 dieta
1603 4508 1743 4574 ecclesia
1767 4507 1935 4591 perpetuis
1957 4515 2041 4573 tem-

386 4615 519 4697 poribus
552 4615 723 4682 observari
755 4628 788 4682 et
821 4636 861 4682 ea
893 4620 935 4682 ad
959 4671 965 4682 .
986 4669 992 4682 .
1017 4619 1175 4683 decanum
1209 4622 1243 4682 et
1265 4669 1270 4681 .
1291 4669 1296 4680 .
1321 4615 1499 4698 capitulum
1532 4615 1652 4682 ibidem
1685 4615 1851 4696 pertIuere
1884 4618 1924 4680 de
1956 4612 2039 4680 iure.

385 4720 473 4786 XVI.
498 4722 582 4787 Item
612 4725 697 4803 quod
726 4722 911 4789 huiusmodi
936 4722 1167 4804 pronunciacio
1192 4729 1226 4788 et
1250 4722 1417 4788 sentencia
1441 4721 1613 4788 diffinitiva
1636 4721 1740 4804 ipsius
1824 4721 1941 4788 decani
1963 4721 2041 4805 Pig-

385 4827 505 4896 wensis
529 4847 588 4911 per
612 4831 774 4909 quondam
794 4829 937 4911 piissime
954 4829 1106 4896 memorie
1123 4829 1286 4895 dominum
1299 4829 1515 4895 lVernherum
1531 4828 1812 4912 archiepiscopum
1829 4833 2040 4912 prenotatum

385 4934 513 5001 luitt
480 4941 513 5001 et
544 4941 654 5001 estrr
625 4935 753 5001 ritet
720 4943 753 5000 et
783 4935 1028 5002 racionabiliter
1059 4957 1099 5003 ex
1130 4944 1222 5003 certa
1253 4935 1393 5002 sciencia
1423 4935 1632 5017 confirmata,
1666 4941 1823 5016 quantum
1855 4938 1895 5002 ad
1928 4955 2041 5002 omnes

386 5042 580 5108 articulos
572 5062 604 5108 m
637 5044 749 5108 eadem
777 5042 1053 5124 pronunciacione
1077 5063 1260 5126 expressos.
1308 5043 1416 5109 XVII.
1441 5042 1526 5107 Item
1551 5045 1634 5123 quod
1660 5043 1865 5124 postmodum
1889 5042 2042 5108 slmiliter

386 5156 502 5216 exorta
532 5148 703 5230 questione
727 5149 815 5216 inter
839 5157 952 5232 partes
976 5157 1147 5231 protectas
1171 5153 1334 5232 quondam
1357 5149 1516 5233 magister
1539 5149 1619 5216 Her.
1637 5149 1747 5215 dictus
1767 5149 1916 5228 SchIclre
1942 5168 2040 5215 cauo-

386 5256 479 5322 nicus
496 5256 631 5322 ecclesie
644 5255 1006 5340 Ascballenburgensis
1024 5257 1150 5324 arbiter
1166 5261 1207 5324 ab
1224 5257 1305 5340 ipsis
1321 5256 1472 5339 partibus
1489 5255 1613 5322 electus
1630 5255 1780 5323 similiter
1796 5255 2038 5339 pronunciavit,

387 5363 494 5429 omnia
517 5363 592 5430 iura
615 5356 813 5445 supratacta¹
834 5363 868 5430 in
893 5363 983 5429 dicta
1007 5364 1147 5430 ecclesie
1163 5355 1470 5430 Frankeniordensi
1493 5363 1664 5430 observari
1688 5365 1807 5430 debere
1832 5370 1865 5429 et
1889 5383 1930 5429 ea
1945 5365 1986 5429 ad
2004 5415 2039 5427 ..

386 5473 543 5536 decanum
568 5476 601 5536 et
620 5525 625 5536 .
646 5527 651 5539 .
670 5471 848 5552 capitulum
871 5470 991 5537 ibidem
1007 5470 1173 5553 pertinere
1190 5474 1229 5536 de
1246 5470 1327 5550 iure,
1353 5476 1450 5551 prout
1467 5473 1507 5535 de
1524 5470 1690 5552 premissis
1707 5469 2040 5553 pronunciacionibus

386 5582 420 5642 et
450 5576 624 5643 sentenciis
656 5583 787 5643 constat
811 5597 869 5660 per
892 5577 1016 5644 litteras
1040 5581 1202 5658 quondam
1225 5576 1342 5643 decani
1366 5583 1399 5642 et
1423 5577 1501 5642 Her.
1525 5576 1756 5659 predictorum.
1804 5577 1931 5644 XVIII.
1955 5578 2040 5644 Item

653 5773 678 5822 a)
693 5770 742 5814 So!
768 5769 821 5814 Der
835 5771 936 5814 Soletum
957 5771 1097 5814 deosculare
1115 5770 1185 5826 febll.
1218 5771 1242 5822 b)
1257 5771 1309 5812 ltin
1328 5781 1426 5824 praescr
1443 5769 1513 5813 Tbeil
1534 5771 1576 5814 des
1597 5773 1676 5814 metm
1690 5771 1785 5814 Blotlce
1805 5771 1839 5813 let
1859 5769 2041 5824 amorensium

598 5841 651 5884 rand
665 5853 690 5884 so
704 5842 748 5884 der
762 5842 863 5896 Ausona
877 5843 923 5884 mil
938 5844 964 5884 16
978 5841 1092 5884 Arla'lceln
1107 5842 1225 5885 verlorero.
1252 5848 1274 5885 el
1287 5840 1406 5894 Vol-lupo:
1421 5841 1592 5894 ,eupserlptub
