4390 6416
367 359 432 425 574
954 353 1111 428 Nachtrage
1129 373 1163 414 zu
1183 354 1261 414 sana
1280 354 1293 412 1
1312 353 1368 412 unii
1386 354 1423 412 II.

367 559 407 623 de
431 553 601 640 Limpurg,
632 561 819 629 Fredebertus
843 563 916 618 filius
944 563 1072 632 Juvenis,
1101 563 1264 620 Anshelmus
1291 562 1431 618 Weideler
1458 563 1492 623 et
1515 564 1612 634 lbigelo
1635 557 1721 623 filius
1749 556 1960 637 Fredeberti;
1991 564 2030 617 de

367 671 513 729 Weiflaria
538 670 710 726 fideiussores
737 675 803 726 sunt
830 671 872 726 hi:
902 663 1159 748 Heylemannus,
1184 663 1269 732 filius
1295 667 1457 745 quondam
1477 664 1632 732 Gerberti
1658 664 1823 745 advocati,
1850 667 2028 730 Gunradus

366 776 407 840 (16
422 773 638 853 Katzenvort,
653 777 814 833 Harurauua
826 776 860 831 ua
872 777 1061 846 Hariisaheim
1075 771 1280 852 Hardradus,
1298 768 1405 836 irater
1421 790 1509 852 suus,
1528 773 1701 838 Cunradus
1713 773 1840 854 Crawe,
1858 772 2029 837 Ernestus

368 883 408 947 de
425 880 567 960 Nuvere,
591 877 770 944 Heinricus
793 880 986 960 advocatus
1011 877 1187 944 Heinricus
1209 877 1296 945 filius
1311 877 1456 959 Ernesti,
1481 877 1658 944 Heinricus
1682 882 1722 944 de
1737 879 1870 946 Nuvere
1887 885 1921 944 et
1936 877 2027 944 Rulo

367 979 468 1062 Reye.
512 985 553 1038 De
571 982 763 1052 Gaylenhuaen
787 981 961 1038 fideiussores
987 988 1053 1038 sunt
1071 983 1113 1036 hi:
1139 984 1330 1038 Hartmannua
1349 983 1382 1036 ile
1401 982 1604 1052 Breydenbaclr,
1623 983 1784 1038 Fredericus
1799 999 1835 1038 an
1854 984 1903 1037 der
1921 984 2027 1048 Eclren,

366 1085 555 1140 Hartmannus
564 1083 597 1138 ile
607 1081 803 1150 Breirlenbaclr,
811 1082 961 1138 Wernerna
971 1082 1117 1152 Fuaeomn,
1126 1083 1296 1138 Wartwinua
1307 1082 1433 1152 Magnus,
1446 1072 1630 1156 Richolfus,
1652 1081 1786 1137 (lariacus
1798 1081 1832 1136 de
1845 1081 1922 1136 Nova
1934 1080 2027 1146 domo,

367 1175 569 1241 Wernharns
593 1174 731 1241 Goltsac
754 1181 788 1240 et
811 1174 834 1240 J
836 1174 982 1239 ohannes
1008 1175 1049 1239 de
1072 1173 1269 1241 Creienvelt.
1307 1181 1345 1235 st
1369 1182 1405 1235 aa
1428 1181 1511 1237 umus
1529 1180 1711 1235 ordinationis
1729 1185 1759 1234 et
1777 1179 2030 1248 compromissionis

366 1280 450 1334 robur
458 1285 488 1334 et
500 1279 687 1334 testimoninm
699 1277 749 1333 liar
761 1278 858 1334 literas
870 1278 971 1349 sigillis
981 1279 1125 1334 civitatum
1138 1279 1321 1347 predictarum
1331 1278 1458 1334 duximus
1469 1279 1645 1334 roborandas.
1674 1281 1773 1333 Actum
1782 1283 1812 1332 et
1822 1278 1917 1332 datum
1936 1289 2028 1335 anno

367 1368 489 1436 domini
511 1369 679 1436 millesimo
704 1370 924 1436 ducentesimo
949 1370 1160 1453 nonagesimo
1184 1370 1309 1452 qruinto,
1334 1369 1367 1436 in
1391 1369 1506 1453 vigilia
1529 1369 1620 1436 beati
1643 1370 1766 1436 Thema
1790 1367 1942 1451 apostoli.

580 1511 722 1577 Abacbra'st
739 1512 786 1568 dea
804 1511 1014 1568 reiciatur
1032 1511 1126 1566 Bestia
1144 1513 1191 1568 dee
1210 1513 1305 1568 Hercu
1325 1511 1358 1567 G.
1373 1513 1461 1566 Falco
1478 1527 1514 1566 ru
1533 1511 1686 1582 Friedbcrp

582 1619 664 1674 Gedr.
677 1619 801 1674 donacio:
820 1619 909 1684 Folia,
932 1618 1014 1674 urio.
1033 1619 1082 1672 der
1100 1619 1182 1674 Stobi
1201 1619 1362 1690 Friedbery,
1382 1618 1407 1685 I,
1427 1621 1469 1687 56,
1489 1619 1535 1672 No
1557 1621 1617 1672 124.
1639 1647 1672 1657 -
1691 1617 1765 1672 Hier
1783 1617 1946 1672 wiederbolt.

580 1725 716 1780 Erwbbnt
723 1743 775 1780 voa
781 1725 1181 1795 Weraerinniiuetiaaymoca
1189 1725 1407 1782 oterteaeiacim
1414 1725 1680 1793 commeaveram,
1690 1725 1768 1778 Neue
1775 1725 1868 1794 Falce,
1874 1724 1943 1792 VH,
1951 1728 1986 1778 61
1994 1723 2027 1788 ff.

580 1833 637 1886 Dic
659 1831 789 1887 Urlcundc
805 1833 842 1886 iot
860 1832 911 1886 dos
928 1833 967 1886 im
988 1832 1116 1903 Oriyiml
1134 1833 1306 1888 arimannis
1324 1832 1686 1903 266116166911611166611616
1704 1831 1756 1887 deit
1774 1831 1952 1886 Brittaniam
1969 1849 2028 1885 vora

635 1923 704 1975 1265
724 1921 868 1976 December
887 1926 902 1975 1
923 1921 989 1986 (Ba.
1009 1922 1035 1990 Ι,
1055 1921 1107 1976 No.
1128 1921 1340 1981 6631611666
1359 1921 1700 1986 recolanaaraoffld.
1719 1921 1745 1984 I,
1765 1919 1818 1975 No.
1838 1923 1914 1982 871).
1960 1919 2029 1973 Das

639 2010 809 2064 Verbbltniss
834 2010 921 2065 dieser
944 2010 1073 2065 Urlcunde
1098 2027 1133 2064 eu
1157 2011 1206 2064 der
1229 2009 1411 2066 Vorurlrunclc
1434 2027 1486 2064 von
1506 2013 1576 2064 1285
1595 2011 1740 2064 December
1760 2013 1775 2061 1
1800 2010 1836 2063 a'ct
1855 2009 1893 2062 ira
1913 2009 2028 2063 Dncclcc

634 2099 771 2153 bmntla'clr
787 2101 915 2170 96166611.

368 2441 406 2517 2.
439 2450 505 2516 Der
520 2449 679 2516 Komlbur
694 2449 833 2515 Koarod
855 2449 921 2514 rino
944 2449 1005 2514 dos
1021 2448 1359 2515 Derctscborrlensboas
1374 2471 1415 2514 au
1431 2450 1693 2515 accusatoriam
1709 2449 1920 2517 bcacrlruodcn.
1943 2450 2027 2514 dass

439 2559 490 2622 die
512 2557 604 2622 aaut
627 2555 803 2641 Friedbery
826 2556 886 2620 den
912 2557 1096 2638 Ordensbof
1115 2557 1264 2636 doselbsl,
1288 2559 1369 2621 einai
1391 2555 1585 2639 Eiperotbum
1607 2557 1663 2621 des
1687 2556 1799 2639 Hcyno
1821 2579 1850 2620 v.
1873 2557 2025 2634 osirim,

440 2685 500 2729 oon
528 2665 588 2728 den
618 2663 809 2728 acciacum
835 2662 967 2727 Stcuera
989 2663 1055 2727 aad
1079 2662 1188 2727 Redeo
1212 2664 1323 2745 befreit
1346 2664 1434 2743 bobo,
1465 2665 1532 2728 rand
1556 2663 1757 2745 umpfiicbteo
1779 2664 1856 2742 siclo,
1881 2685 1939 2728 666
1962 2664 2027 2728 den

439 2772 568 2855 boinftiy
597 2792 639 2834 eu
668 2770 884 2834 ermerbcndeo
910 2768 1031 2834 Gcilern
1061 2791 1103 2834 aa
1127 2768 1303 2854 Friedbery
1329 2770 1380 2834 dic
1403 2771 1534 2836 Stobera
1556 2770 1623 2833 und
1646 2768 1757 2834 Bcolco
1779 2791 1821 2834 aa
1843 2771 2024 2834 emricbtan.

441 2883 530 2942 1302
552 2877 646 2959 April
668 2881 689 2940 5
712 2875 801 2962 (non.
819 2875 957 2958 aprilis).

583 3018 683 3073 Gaba:
709 3017 798 3084 Folle,
821 3017 903 3073 Urbb.
923 3017 972 3072 der
990 3017 1071 3072 Sioda
1091 3017 1252 3087 Friedberq,
1280 3017 1304 3086 Ι,
1324 3021 1366 3083 61,
1386 3017 1508 3072 116117
1525 3017 1596 3070 narb
1614 3015 1757 3080 Absclna'ft
1781 3017 1819 3070 a'm
1841 3017 2027 3088 Friedberper

637 3107 794 3162 Stodtbucb.
831 3107 957 3175 amaon,
978 3107 1087 3161 Brita'eb
1104 3123 1232 3162 museum.

369 3449 408 3525 3.
444 3456 637 3523 Scbullbcisa
660 3455 726 3520 uod
745 3453 891 3537 Scbbffen
914 3477 973 3520 von
988 3455 1174 3538 Fronbfuri
1196 3457 1320 3521 donica
1342 3457 1412 3522 dem
1429 3455 1556 3538 Grofcn
1575 3455 1736 3539 Gottfrirri
1751 3479 1811 3521 voa
1829 3457 2024 3542 Zieyenbain

439 3564 498 3646 fiir
509 3565 560 3628 die
569 3562 833 3646 aeclesiarum
844 3563 900 3627 der
912 3563 1002 3628 ibren
1012 3563 1163 3647 Barac-n
1172 3583 1390 3647 peoommeaen
1402 3563 1615 3630 Waoreaund
1625 3565 1718 3628 bittea
1730 3585 1784 3628 um
1791 3565 2024 3650 Aualieferunp

441 3692 501 3736 voit
531 3673 609 3735 ewei
634 3669 703 3734 dem
727 3668 946 3751 Franbsurter
968 3669 1099 3754 Biirpcr
1122 3668 1290 3736 liciebat-o
1312 3692 1371 3736 voa
1394 3669 1602 3736 Frouonrodc
1624 3672 1794 3756 pebbriycn
1816 3671 1936 3737 Balleia
1959 3673 2024 3738 und

442 3782 463 3842 4
488 3777 617 3841 Tonoen
641 3775 815 3861 Herinpen.
863 3773 925 3861 [ca.
953 3773 1062 3862 1304]

477 3917 657 4002 Spectabili
681 3917 751 3984 viro
776 3917 905 3984 domino
922 3915 1082 3984 Godfrido
1107 3917 1220 3984 comiti
1242 3920 1282 3984 de
1309 3917 1504 4002 Oyginhain,
1531 3971 1564 3986 ,.
1590 3919 1751 3985 scultetus
1775 3927 1809 3986 61
1833 3920 1965 3986 scabini
1987 3923 2025 3985 de

370 4025 604 4092 Frankinvord
633 4031 785 4107 paratam
815 4031 849 4090 et
870 4025 896 4110 ll
918 4023 1080 4090 sinceram
1110 4027 1151 4090 ad
1183 4025 1339 4106 obsequia
1369 4025 1583 4092 voluntatem.
1641 4025 1746 4108 Super
1775 4026 1869 4092 bonis
1901 4026 2025 4093 nostris

370 4131 561 4200 concivibus
590 4130 624 4196 in
655 4138 766 4198 vestro
798 4129 951 4196 districtu
982 4130 1103 4196 ablatis
1134 4138 1167 4197 et
1197 4151 1255 4214 per
1279 4151 1338 4199 vos
1360 4132 1386 4216 ll
1408 4134 1536 4198 demum
1563 4132 1685 4199 eisdem
1709 4133 1883 4215 restitutis,
1913 4140 2024 4200 vestre

371 4237 539 4307 nobilitati
567 4237 754 4322 graciarum
784 4235 957 4303 referimus
986 4237 1149 4318 aetianae,
1187 4244 1220 4304 et
1251 4238 1334 4306 scire
1365 4259 1425 4307 vos
1455 4238 1618 4321 cupimus,
1657 4241 1743 4320 quoi
1771 4239 1850 4305 dicti
1870 4241 1898 4323 11
1922 4239 2024 4306 nostri

371 4345 534 4428 concives,
552 4343 668 4426 quibus
685 4345 772 4410 bona
787 4341 923 4410 fuerunt
939 4343 1062 4426 ablata,
1080 4345 1120 4410 de
1132 4344 1281 4411 omnibus
1293 4346 1442 4428 dampnis
1456 4345 1524 4411 suis
1536 4345 1617 4429 ipsis
1631 4345 1732 4412 illatis
1745 4345 2025 4414 renunciaverunt

370 4457 411 4520 (le
434 4453 533 4535 plano
557 4459 591 4518 et
614 4449 741 4535 precise
765 4470 874 4517 coram
898 4450 1002 4532 nobis,
1028 4455 1062 4516 et
1085 4469 1144 4517 nos
1168 4453 1281 4518 eodem
1304 4455 1397 4518 modo
1415 4451 1623 4535 presentibus
1639 4452 1766 4534 precise
1782 4451 2022 4518 renunciamus

370 4561 528 4626 Preterea
543 4562 625 4625 duas
641 4557 757 4640 balles,
782 4576 845 4638 que
861 4562 939 4622 sunt
954 4556 1144 4624 Eckehardi
1160 4559 1199 4622 de
1215 4559 1470 4641 Frauwenrode,
1493 4559 1598 4625 nostri
1615 4559 1769 4642 concivis,
1794 4559 1880 4624 sicut
1896 4559 2023 4625 iuratus

370 4667 509 4734 nuncius
533 4672 645 4732 noster
668 4663 812 4748 optinuit
836 4683 945 4730 coram
969 4664 1072 4745 vobis,
1097 4665 1159 4730 hoc
1183 4666 1373 4747 profitemur
1396 4685 1469 4732 esse
1492 4685 1615 4746 verum,
1641 4668 1680 4731 de
1704 4666 1809 4732 tercia
1832 4685 1911 4732 vero
1938 4665 2024 4732 balla

371 4792 431 4839 nos
455 4791 519 4838 non
542 4770 799 4841 intromittimus
840 4772 950 4855 Quare
971 4770 1121 4853 petimus,
1146 4776 1183 4835 ut
1200 4771 1306 4838 dictas
1323 4775 1406 4838 duas
1422 4773 1529 4839 balles
1546 4792 1618 4839 cnm
1634 4773 1709 4838 aliis
1732 4772 1825 4838 bonis
1848 4773 2023 4838 restituere

371 4877 573 4962 precipiatis,
598 4877 750 4958 scientes,
775 4880 862 4958 quod
881 4895 980 4959 super
996 4877 1166 4958 premissis
1190 4877 1312 4944 nullam
1335 4879 1484 4947 volumus
1507 4880 1629 4945 habere
1654 4878 1815 4945 actionem
1833 4884 1952 4945 contra
1967 4897 2023 4944 vos

371 5005 431 5052 nec
461 4991 591 5054 vestros
620 4983 776 5066 homines
808 4985 865 5051 sed
897 4985 937 5049 de
961 4983 1059 5066 plano
1084 4984 1232 5050 omnibus
1255 4985 1494 5052 renunciamus.
1544 4984 1823 5050 Transmittentes
1846 4985 1942 5052 vobis
1965 4985 2023 5050 lias

371 5093 503 5158 litteras
519 5091 625 5176 algillo
642 5097 755 5158 nostro
771 5090 890 5157 minori
910 5089 1083 5174 sigillatas.
1101 5127 1144 5138 —
1161 5091 1283 5156 Datum
1305 5090 1467 5157 dominica
1482 5091 1614 5157 Letare.
1633 5129 1674 5138 -
1691 5092 1843 5157 Ceterum
1859 5109 2021 5174 rogamus

371 5206 409 5266 nt
443 5206 584 5281 quatuor
620 5201 747 5265 dunnas
782 5197 932 5264 allecium
966 5196 1065 5262 dictis
1103 5197 1225 5263 nostris
1266 5197 1454 5265 concivibus
1488 5197 1618 5263 ablatas
1651 5196 1735 5264 solvi
1767 5195 1960 5279 precipiatis
1991 5201 2023 5262 et

371 5305 597 5372 nichilominus
629 5305 765 5371 inantea
796 5305 831 5370 in
864 5309 977 5371 vestro
1010 5305 1172 5370 conductu
1206 5311 1372 5387 promotos
1405 5303 1566 5384 babeatis,
1601 5322 1673 5369 cum
1704 5303 1772 5369 ista
1804 5302 1876 5369 vica
1909 5303 2022 5387 gravia

372 5413 569 5497 pertulerint
591 5415 743 5495 dampna.

587 5553 633 5609 Or.
648 5555 744 5625 Ppmt,
763 5553 865 5608 rondes
881 5560 982 5624 pratum
1004 5552 1193 5623 Woclraoirpcl,
1212 5569 1257 5606 am
1276 5551 1361 5606 Raab
1378 5551 1701 5608 catecumenorum.

585 5652 673 5707 St-A.
693 5653 840 5721 Morburp,
860 5651 1061 5722 Ziepmbaa'ner
1083 5651 1239 5705 Urbanden.

585 5751 645 5805 Zur
657 5749 817 5820 1161116119.-
837 5749 917 5816 Gras
925 5749 1066 5815 Gottfried
1077 5767 1100 5804 6.
1114 5748 1283 5818 Ziepenbot'n
1301 5747 1416 5817 repierte
1431 5749 1615 5802 1271-1304.
1647 5747 1792 5802 Ecbebord
1804 5765 1828 5802 6.
1843 5745 2021 5802 Francorum

637 5839 736 5893 komml
753 5839 785 5893 in
803 5839 926 5893 detineo
949 5838 1098 5893 Urlcuadea
1116 5855 1168 5892 von
1187 5841 1366 5892 isos-1320
1383 5853 1438 5892 vor.
