4428 6406
872 379 941 432 1332
960 375 1082 434 Februsr
1100 379 1141 434 21.
1765 381 1829 447 327

176 575 429 651 sanctorumque
459 568 545 636 eius:
571 567 764 654 Theonesti,
783 571 927 656 Nyoasii,
952 573 1098 657 Lyborii,
1124 573 1273 658 Remigii,
1298 576 1489 660 Arbogasti,
1515 576 1639 657 Cosme,
1664 575 1828 656 Damiani,

176 671 517 758 Nycolai,Vincencii,
534 676 648 758 Blasii,
673 677 857 760 Eustachii,
883 677 981 744 trium
998 679 1169 762 Magorum
1193 687 1293 762 atque
1317 681 1455 747 omnium
1474 689 1678 764 sanctorum;
1703 700 1829 748 necnon

176 777 265 846 aliud
295 779 403 848 altare
434 780 600 865 elegimus,
625 782 779 850 videlicet
803 784 910 850 altare
934 794 1048 851 sancte
1073 786 1176 868 Anne,
1203 805 1264 868 que
1289 789 1383 853 ambo
1409 787 1531 854 altaria
1555 787 1712 854 debonis
1735 787 1829 854 nobis

177 887 279 951 adeo
311 885 440 954 collatIs
470 887 657 954 dotavimus
686 888 720 954 in
750 889 927 956 remedium
957 891 1140 958 animarum
1170 899 1358 959 nostrarum
1389 899 1421 959 et
1445 899 1618 974 parentum
1641 899 1829 959 nostrorum

177 989 325 1057 similitor
360 1011 420 1074 pro
455 995 582 1060 duabus
613 993 746 1062 vicariis
780 995 814 1061 in
849 996 1018 1062 antedicta
1048 997 1187 1064 ecclesia
1217 999 1386 1082 perpetuis
1417 998 1618 1082 temporibus
1650 999 1828 1065 duraturis

177 1095 368 1164 Statuentes
398 1105 432 1164 et
462 1098 654 1167 ordinantes
681 1099 818 1168 firmiter
840 1101 875 1166 in
898 1101 960 1168 hiis
984 1102 1126 1186 scriptis,
1152 1107 1238 1186 quod
1262 1105 1396 1172 collatio
1422 1105 1538 1172 altaris
1562 1125 1621 1188 per
1643 1123 1704 1171 nos
1728 1105 1830 1172 erecti

177 1203 216 1266 ad
233 1201 407 1269 honestum
423 1203 530 1272 virum
546 1205 753 1274 Drutwinum
771 1206 894 1274 dictum
912 1207 1088 1292 Sohrenke,
1114 1209 1284 1276 scabinum
1299 1210 1654 1293 FrankenIordensem,
1676 1210 1829 1292 quamdiu

176 1307 303 1390 uixerit,
330 1316 364 1375 et
393 1313 436 1376 ad
466 1310 627 1378 seniorem
656 1313 813 1379 heredum
842 1333 973 1380 suorum
998 1321 1073 1397 post
1096 1335 1165 1382 eum
1191 1336 1258 1382 una
1282 1337 1354 1384 eum
1378 1321 1502 1384 decano
1526 1317 1656 1400 prefate
1681 1315 1827 1398 ecclesie,

177 1413 229 1494 qui
258 1435 318 1496 pro
350 1422 497 1498 tempore
526 1414 644 1501 iuerit;
676 1439 802 1486 necnon
834 1420 969 1486 collario
1001 1421 1118 1488 altarIs
1149 1430 1263 1489 sancte
1287 1427 1382 1490 Anne
1407 1423 1553 1506 predicte
1578 1426 1620 1490 ad
1643 1424 1829 1489 Iohannem

176 1520 295 1588 dictum
320 1522 497 1603 Fromelin,
522 1524 626 1591 clvem
649 1525 1005 1610 Frankenlordensem,
1032 1529 1186 1609 quamdiu
1210 1528 1339 1612 vixerit,
1366 1534 1464 1596 etad
1489 1530 1649 1596 seniorem
1673 1531 1828 1596 heredum

177 1645 306 1693 suorum
337 1635 411 1711 post
444 1649 526 1714 eum,
550 1650 713 1698 unacum
738 1633 913 1700 scolastico
936 1633 1090 1700 iamdicto
1114 1635 1260 1718 ecclesIe,
1287 1636 1342 1718 qui
1365 1656 1424 1718 pro
1448 1643 1595 1719 tempore
1618 1635 1729 1718 luerit,
1755 1654 1829 1717 per·

177 1733 283 1813 petuis
315 1736 518 1817 temporibus
548 1737 771 1819 pertinebunt.
826 1741 881 1805 Ita
911 1718 1074 1822 videlicet,
1107 1744 1202 1823 qood,
1235 1745 1364 1823 quando
1396 1743 1448 1810 vel
1477 1741 1632 1824 quociens
1663 1741 1830 1825 predIctas

176 1837 317 1906 vicarias
347 1842 400 1907 vel
431 1843 570 1909 alteram
601 1863 712 1910 sarum
742 1864 864 1912 vacare
895 1845 1080 1929 contigerit,
1107 1847 1230 1930 prelati
1260 1848 1454 1916 Drutwinus
1484 1856 1542 1915 aut
1572 1851 1727 1915 heredum
1757 1847 1827 1914 eius

175 1945 283 2012 senior
307 1966 380 2013 cum
404 1951 539 2032 decano,
565 1969 689 2017 necnon
705 1952 877 2018 Johannes
900 1952 1007 2019 dictus
1023 1954 1189 2021 Fromelin
1211 1955 1264 2024 vel
1288 1956 1443 2021 heredum
1467 1975 1597 2022 suorum
1622 1954 1731 2022 senior
1755 1973 1827 2020 cunr

174 2052 349 2120 scolastico
381 2075 539 2138 personas
568 2060 714 2140 ydoneos
744 2061 829 2124 bone
858 2059 927 2126 vite
958 2065 990 2125 et
1014 2061 1150 2126 honeste
1175 2061 1439 2128 conversacionis
1464 2065 1506 2128 ad
1530 2065 1661 2128 easdem
1683 2061 1827 2144 vicarias

172 2164 329 2238 poterunt
352 2165 386 2226 et
409 2163 575 2228 debebunt
599 2165 806 2231 concorditer
830 2173 1033 2247 presentare.
1081 2167 1126 2232 Et
1151 2167 1179 2232 si
1202 2166 1298 2249 forte,
1325 2171 1411 2249 quod
1434 2168 1531 2250 absit,
1558 2172 1701 2234 decanus
1726 2169 1827 2233 Drut-

173 2264 258 2331 vvino
289 2266 343 2332 vel
373 2267 529 2334 heredum
560 2269 631 2335 eius
661 2270 783 2337 seniori
813 2271 884 2338 sive
914 2272 1017 2338 eciam
1047 2274 1241 2339 scolasticus
1271 2273 1421 2340 Johanni
1453 2275 1540 2340 dicto
1571 2273 1736 2340 Fromelin
1768 2281 1827 2341 aut

173 2369 327 2437 heredum
357 2391 489 2440 suorum
513 2375 633 2441 seniori
658 2396 698 2442 ex
720 2376 950 2461 indignacione
974 2380 1026 2445 vel
1049 2379 1180 2445 malicia
1204 2381 1431 2462 qualicumque
1454 2381 1488 2447 in
1513 2382 1690 2448 cossaoione
1714 2381 1826 2448 huius-

172 2477 257 2542 modi
287 2481 548 2562 presumpserint
577 2481 722 2550 indebite
753 2481 931 2566 refragari,
963 2485 1123 2551 antedicti
1153 2486 1328 2553 collatores
1359 2494 1393 2554 st
1423 2488 1530 2569 quivis
1561 2507 1671 2554 eorum
1702 2507 1760 2570 per
1791 2507 1826 2554 se

172 2589 327 2663 poterunt
358 2592 392 2652 et
422 2589 596 2671 debebunt,
625 2595 663 2655 ut
693 2589 878 2672 predictum
908 2598 969 2673 est,
995 2611 1153 2673 personas
1183 2597 1330 2676 ydoneas
1359 2594 1448 2660 licite
1480 2602 1682 2677 presentare,
1708 2595 1826 2660 decani

172 2687 240 2755 sive
276 2692 461 2776 scolastici,
499 2695 555 2775 qui
590 2715 649 2778 pro
685 2707 831 2778 tempore
866 2695 1007 2780 fuerint,
1045 2699 1305 2766 contradictione
1339 2700 1526 2783 illegittima
1560 2720 1625 2766 non
1660 2702 1823 2768 obstante.

171 2795 406 2866 Ordinavimus
437 2805 471 2865 et
501 2801 677 2867 statuimus
708 2802 934 2870 nichilominus
964 2805 998 2871 in
1022 2803 1085 2872 hiis
1109 2806 1255 2889 scriptis,
1281 2809 1375 2890 quod,
1402 2807 1430 2872 si
1453 2826 1592 2889 persone
1617 2809 1658 2872 ad
1682 2807 1825 2873 vicarias

171 2901 239 2970 site
272 2903 394 2971 altaria
423 2906 607 2974 huiusmodi
637 2916 829 2990 presentata
859 2919 936 2978 actu
967 2915 1157 2978 sacerdotes
1188 2933 1253 2978 non
1285 2913 1465 2996 extiterint,
1497 2913 1561 2995 ipsi
1591 2916 1630 2978 de
1660 2911 1825 2980 fructibus

169 3007 369 3078 vicariorum
393 3013 615 3095 predictarum
639 3016 708 3083 sive
733 3017 889 3083 altarium
912 3017 1012 3084 nichil
1035 3019 1227 3102 percipient,
1253 3024 1310 3085 sed
1327 3026 1405 3086 actu
1422 3023 1611 3086 sacerdotes
1628 3019 1824 3086 substitutos

169 3115 339 3183 habebunt
369 3139 427 3201 per
451 3122 610 3187 decanum
635 3129 668 3188 et
692 3123 871 3204 capitulum
894 3123 998 3206 ipsius
1023 3126 1159 3192 ecclesie
1184 3127 1246 3193 sibi
1270 3131 1375 3208 datae,
1402 3126 1457 3208 qui
1481 3129 1671 3192 sacerdotes
1695 3124 1825 3193 lrrrctus

169 3220 315 3302 ipsorum
338 3226 492 3292 altarium
517 3227 587 3295 sive
610 3229 809 3296 vicariatum
832 3230 866 3296 in
891 3231 1002 3298 divino
1024 3232 1126 3298 officio
1143 3240 1219 3299 actu
1237 3233 1436 3316 deserviant,
1463 3251 1630 3314 quibusque
1645 3241 1824 3299 memorate

169 3349 309 3410 persone
337 3331 407 3398 sive
430 3333 547 3400 vicarii
569 3334 603 3400 in
628 3355 758 3402 sacrum
782 3338 1023 3420 presbiteratus
1047 3338 1192 3405 ordinem
1215 3340 1375 3423 legittime
1399 3339 1524 3406 luerint
1548 3339 1700 3406 ordinati.
1746 3341 1823 3407 Pre-

169 3434 250 3502 dicti
280 3443 391 3503 autem
420 3438 546 3506 vicarii·
566 3441 620 3508 vel
650 3461 760 3508 eorum
791 3443 963 3510 substituti
994 3448 1117 3511 decano
1142 3454 1176 3512 et
1200 3447 1344 3528 capitulo
1369 3466 1427 3512 suo
1452 3445 1675 3513 obedienciam
1698 3445 1824 3513 facient

169 3541 314 3608 debitam
338 3550 372 3610 et
396 3553 595 3628 consuetam,
621 3547 742 3630 stipsi
765 3549 901 3630 proinde
925 3551 1104 3634 participes
1129 3559 1228 3618 erunt
1251 3553 1455 3620 oblationum
1480 3556 1522 3618 ad
1539 3552 1641 3648 stolas
1658 3549 1823 3619 laetarum

168 3669 227 3730 pro
259 3653 496 3718 consuetudine
520 3653 657 3720 ecclesie
681 3663 859 3722 memorate
883 3663 917 3722 et
941 3658 1167 3725 nichilominus
1191 3660 1446 3742 presenciarum,
1472 3679 1533 3741 que
1558 3659 1766 3742 presentibus
1789 3659 1824 3726 in

169 3755 279 3822 divioo
322 3759 424 3825 officio
466 3761 569 3828 dividi
603 3770 861 3844 consueverunt,
899 3751 1167 3844 quemadmodum
1202 3767 1345 3834 decanus
1381 3772 1413 3833 et
1450 3766 1628 3848 capitulum
1664 3765 1830 3849 antedicti¹

168 3863 386 3945 stipulacione
411 3867 581 3950 sollempni
605 3868 699 3934 nobis
723 3869 916 3954 coniugibus
941 3871 1119 3938 antedictis
1140 3872 1243 3940 libere
1267 3875 1540 3956 sposponderunt.
1584 3873 1678 3938 Bona
1702 3879 1821 3954 autem,

169 3969 286 4050 quibus
318 3973 467 4053 predicta
498 3974 620 4041 altaria
651 3975 847 4058 dotavimus
874 3982 951 4042 sunt
974 3977 1027 4043 hio
1051 3980 1301 4060 presencialiter
1325 3984 1503 4046 annotata:
1535 3978 1643 4044 Primo
1667 3978 1822 4044 videlicet

168 4078 281 4144 domus
312 4079 377 4145 sita
409 4100 448 4146 ex
479 4081 629 4164 opposito
660 4081 799 4164 hospicii
829 4084 934 4150 nostri
963 4083 1165 4167 habitabilis,
1199 4105 1269 4152 oum
1301 4086 1387 4151 omni
1417 4085 1619 4168 plenitudine
1649 4084 1701 4150 sui
1730 4085 1820 4151 iuris

168 4184 252 4250 ltem
283 4187 346 4252 due
375 4206 485 4253 maroe
515 4191 555 4254 de
587 4191 680 4254 domo
712 4189 802 4256 dicta
825 4191 1035 4257 Landecken.
1083 4194 1167 4258 Item
1198 4197 1261 4258 duo
1292 4193 1398 4259 mansi
1426 4213 1498 4258 oum
1523 4192 1629 4258 tribus
1653 4192 1821 4275 iugeribus

168 4297 256 4357 terre
287 4292 434 4376 arabilis,
460 4293 516 4359 siti
545 4294 579 4361 in
603 4295 729 4378 campis
754 4295 1133 4382 Frankenfordensibus
1159 4299 1286 4364 scilicet
1309 4299 1343 4364 in
1367 4319 1480 4381 campo
1506 4299 1593 4364 dicto
1617 4299 1763 4364 Lindehe
1788 4306 1821 4364 et

167 4398 200 4465 in
225 4418 339 4480 campo
363 4400 452 4466 dicto
475 4401 660 4468 Niderholz.
708 4404 792 4468 Item
817 4403 884 4470 tria
908 4403 1029 4470 octalia
1053 4405 1201 4489 siliginis
1227 4425 1289 4486 que
1313 4409 1371 4472 dat
1387 4407 1556 4472 Johannes
1580 4406 1665 4471 filius
1689 4405 1821 4472 sculteti

167 4508 207 4571 de
231 4505 365 4572 dimidio
389 4526 502 4573 manso
519 4507 581 4574 sito
597 4507 632 4574 in
647 4509 894 4592 Kyllansteden.
942 4512 1025 4576 Item
1044 4510 1184 4592 quinque
1201 4513 1390 4578 summerini
1406 4515 1445 4578 de
1462 4513 1559 4578 vinea
1575 4511 1665 4577 diota
1681 4512 1821 4578 Rieder-

166 4614 257 4696 berg.
305 4614 389 4679 Item
413 4613 548 4680 dimidia
570 4635 683 4682 maroa
707 4619 745 4682 de
770 4617 862 4683 curia
886 4625 919 4683 et
944 4617 1070 4699 piscina
1094 4618 1158 4684 sita
1181 4619 1215 4684 in
1232 4620 1402 4686 Obirrode.
1449 4620 1534 4685 Item
1558 4622 1667 4684 decem
1693 4627 1727 4685 et
1746 4627 1819 4686 ooto

166 4719 262 4785 solidi
293 4719 532 4788 Coloniensiam
564 4727 597 4788 et
630 4728 698 4788 tres
731 4723 811 4806 pulli
844 4727 883 4789 de
917 4725 1022 4790 tribus
1055 4725 1202 4791 domibus
1237 4726 1309 4792 sitis
1342 4746 1443 4808 prope
1475 4727 1627 4792 borreum
1660 4733 1817 4792 nostrum.
1888 4763 1893 4771 ·

165 4827 250 4891 Item
274 4846 341 4892 una
364 4845 477 4893 marca
500 4834 533 4893 et
556 4830 619 4894 duo
644 4829 723 4911 pulli
746 4833 786 4895 de
809 4833 936 4896 duabus
961 4831 1108 4898 domibus
1132 4832 1205 4899 sitis
1228 4833 1262 4898 in
1285 4833 1359 4899 vico
1382 4832 1600 4899 Penitentum.
1648 4833 1732 4898 Item
1756 4836 1819 4900 duo

165 4931 262 4998 solidi
292 4933 532 5000 coloniensium
568 4937 608 5001 de
644 4937 737 5002 domo
775 4936 840 5002 sita
870 4937 904 5003 in
934 4937 1007 5004 vico
1038 4939 1290 5023 Hellergazzen,
1322 4959 1402 5020 quos
1434 4943 1492 5005 dat
1521 4939 1698 5004 Elisabeth
1729 4940 1820 5006 dicta

164 5039 501 5107 Hellenwescbersen.
553 5042 637 5107 Item
670 5046 709 5108 de
741 5046 834 5110 domo
866 5043 945 5110 dicti
975 5045 1159 5112 Hendelere
1190 5045 1312 5112 solidus
1344 5045 1592 5112 coloniensium.
1640 5047 1724 5112 Item
1755 5050 1818 5114 duo

164 5145 263 5212 solidi
285 5145 549 5213 Coloniensium⁸
573 5151 612 5214 de
643 5155 739 5230 prato
764 5149 827 5216 sito
851 5149 885 5216 in
909 5152 1122 5218 Redelnheim
1146 5153 1233 5218 dicto
1257 5153 1431 5219 Furtwise.
1479 5151 1564 5218 Item
1587 5172 1671 5218 unus
1696 5153 1831 5220 solidus

163 5251 414 5335 Coloniensr'am,
439 5273 533 5334 quern
557 5257 616 5320 dat
638 5255 785 5322 Jacobus
809 5256 916 5323 dictus
936 5259 1132 5324 Clobelauob
1157 5261 1196 5326 de
1220 5265 1292 5325 orto
1317 5259 1380 5325 sito
1405 5262 1492 5341 apud
1510 5261 1682 5325 Rostense.
1730 5261 1814 5327 Item

163 5359 300 5426 mairia
323 5379 444 5442 maroa,
471 5381 567 5442 quam
591 5364 650 5428 dat
665 5361 857 5430 Fridericus
881 5365 921 5430 de
938 5365 1107 5432 Grindahe
1132 5369 1171 5432 de
1195 5366 1327 5431 dimidio
1344 5385 1457 5432 manso
1474 5367 1595 5432 ibidem
1612 5366 1685 5432 sito.
1733 5369 1818 5433 ltem

163 5485 231 5532 una
261 5485 383 5550 marca,
416 5487 512 5548 quam
542 5488 602 5534 nos
633 5469 894 5551 ooarparabimus
925 5477 1040 5537 nostra
1070 5473 1210 5552 pecunia
1239 5480 1422 5539 numerata.
1479 5473 1550 5538 Hoc
1581 5473 1700 5539 etenim
1730 5475 1818 5542 bona

163 5572 275 5639 omnia
305 5581 339 5639 et
369 5575 499 5658 singula
529 5583 706 5656 prenotata
735 5577 823 5642 iusto
854 5573 1045 5644 don'aoionis
1076 5578 1182 5662 tytulo
1215 5579 1394 5645 donatione
1423 5579 1511 5645 inter
1541 5579 1635 5647 vivos
1659 5580 1815 5660 dedimus,

162 5679 361 5747 tradidimus
391 5686 425 5746 et
456 5680 658 5764 donavimus,
689 5689 722 5748 et
751 5683 978 5750 nichilominus
1009 5685 1167 5750 donamus
1198 5694 1231 5750 et
1261 5687 1421 5752 tradimus
1452 5685 1484 5750 in
1516 5685 1578 5752 hiis
1609 5687 1751 5768 scriptis
1778 5707 1816 5752 ac

431 5857 455 5909 a)
472 5845 536 5900 Uter
549 5856 593 5900 der
607 5855 680 5901 Zeila
