4416 6414
885 353 1112 424 rercrprnoe.
1779 359 1821 426 57

166 553 338 616 prenotatos.
377 548 430 602 Sed
456 547 480 603 si
504 548 696 616 invenerimus,
716 549 786 617 quod
812 548 905 616 eliqua
929 548 1064 604 dicturum
1089 556 1246 606 nostrerum
1271 553 1415 606 civitatum
1442 551 1558 618 aliquem
1577 552 1619 606 vel
1638 551 1743 621 aliquos
1762 554 1823 609 vult

165 663 215 710 sut
241 655 366 710 intendit
388 655 511 710 indebito
530 655 681 724 opprimere
700 656 743 710 rsl
762 655 892 710 iniurium
911 657 994 712 elicui
1014 658 1145 727 irrogare,
1165 674 1214 714 nos
1233 659 1317 714 talem
1336 661 1476 714 civitatem
1497 660 1531 714 ob
1550 659 1704 730 huiusmodi
1721 661 1823 716 iniuria

164 758 194 808 et
209 741 398 822 'oppressione
417 753 544 809 debemus
564 763 697 823 evertere,
716 754 744 809 in
763 760 896 822 qnantum
914 770 1066 825 possumus,
1085 757 1157 812 bonu
1175 757 1236 814 tide.
1282 751 1317 836 6)
1346 752 1487 834 Insuper
1517 750 1545 816 si
1576 749 1692 833 aliquis
1722 752 1822 819 male-

166 851 289 936 factor,
314 857 540 936 undecumque
570 852 681 934 iuerit,
707 854 760 920 dei
783 855 898 922 timore
923 855 1106 938 postposito
1131 857 1291 939 rapinam,
1314 857 1508 940 incendium,
1534 857 1740 944 homicidium
1764 866 1822 925 sut

166 979 371 1044 quecumque
396 961 461 1027 ulie
484 961 603 1028 similia
626 963 679 1030 vel
702 961 828 1029 maiore
850 962 1012 1029 maleficio
1035 962 1232 1030 commiserit
1254 964 1289 1030 iu
1313 963 1423 1045 alique
1446 971 1633 1030 nostrarum
1650 965 1820 1032 civitatum

166 1067 395 1149 predictarum
418 1074 451 1134 et
475 1087 510 1134 se
535 1071 577 1134 od
601 1068 700 1134 eliam
725 1069 892 1136 civitatem
916 1070 1127 1137 transtulerit
1150 1071 1260 1153 ibique
1279 1071 1370 1138 visus
1387 1069 1497 1152 luerit,
1523 1071 1600 1137 talis
1615 1070 1820 1157 malefactor,

166 1177 438 1256 quandocumque
461 1175 640 1257 requiritur
664 1177 706 1241 ab
730 1175 787 1242 illu
811 1175 957 1257 civitate,
982 1176 1017 1242 io
1041 1197 1106 1258 quo
1121 1177 1314 1244 maleficium
1330 1176 1546 1260 perpetravit,
1572 1177 1676 1244 eidem
1692 1177 1822 1244 civitati

166 1301 227 1346 seu
250 1281 333 1364 ipsis
355 1282 598 1364 requirentibus
622 1287 673 1348 est
697 1283 767 1350 sine
791 1282 1052 1350 contradictione
1076 1284 1222 1365 qualibet
1245 1287 1496 1368 presentandus,
1543 1286 1634 1350 idem
1657 1284 1820 1369 iudicium,

166 1387 196 1452 si
227 1388 339 1470 plures
370 1389 495 1455 luerint
525 1387 773 1472 malefactores,
806 1409 975 1456 censemus
1007 1411 1065 1473 per
1095 1391 1204 1458 omrdo
1235 1394 1509 1459 observandum·
1547 1392 1581 1477 7)
1604 1399 1643 1453 Ne
1662 1407 1754 1454 eutem
1773 1398 1822 1455 hec

165 1501 307 1556 ordinatio
332 1504 391 1558 sive
416 1504 560 1572 promissio
586 1504 722 1558 communi
747 1504 866 1560 utilitoti
891 1513 1046 1560 nostrorum
1072 1506 1218 1574 proluturs
1240 1506 1365 1561 deleatur
1382 1507 1410 1560 in
1431 1507 1522 1574 alique
1540 1514 1626 1576 porte,
1645 1522 1694 1574 pro
1713 1513 1822 1563 centurn

164 1611 265 1664 mercis
285 1610 458 1666 denariorum
476 1611 505 1666 in
523 1611 639 1668 invicem
657 1610 850 1667 constituimus
869 1611 1049 1667 fideiussores.
1075 1613 1127 1678 Qui
1144 1615 1169 1668 ei
1187 1612 1362 1683 impetuntur
1373 1619 1402 1668 et
1414 1612 1654 1681 quocienscumque
1666 1613 1823 1669 huiusmodi

164 1716 307 1772 ordinatio
330 1717 388 1772 sive
406 1719 548 1786 promissio
568 1720 703 1773 iacturum
721 1719 828 1788 petitur
844 1720 875 1800 in
894 1719 986 1788 ulique
1004 1721 1118 1774 ciuitate
1136 1719 1329 1788 predictorum,
1349 1709 1454 1774 tociens
1466 1718 1643 1796 ¹fideiussores
1662 1719 1737 1777 iilius
1755 1719 1821 1777 oiri·

163 1807 237 1880 tutis
255 1840 304 1892 pro
323 1825 439 1892 pecunie
457 1826 511 1881 ism
531 1825 606 1881 dicta
625 1825 750 1895 obligati,
768 1827 811 1880 its
828 1825 899 1894 quod
917 1827 946 1881 in
965 1825 1088 1894 quelibet
1106 1827 1230 1882 iructuro
1247 1842 1296 1896 pro
1315 1827 1432 1898 siugulis
1445 1831 1553 1882 centum
1566 1828 1665 1882 mercis
1675 1826 1821 1882 intrabunt

163 1931 318 2000 civitatem,
339 1934 382 1988 cui
407 1934 549 2002 promissio
575 1933 615 1988 sic
640 1934 730 1989 ireois
755 1933 916 2002 dinoscitur,
936 1933 1042 1988 tamdiu
1060 1933 1244 1988 fideiussionis
1258 1934 1384 1989 debitum
1403 1934 1549 2002 exoluturi,
1569 1949 1706 2003 quousque
1724 1949 1820 2014 preno-

163 2039 275 2094 minata
298 2041 416 2108 pecunia
440 2039 525 2094 luerit
549 2039 698 2110 persoluto.
737 2039 792 2094 Nec
817 2041 954 2094 ordinatio
979 2041 1037 2095 sire
1062 2040 1205 2108 promissio
1223 2041 1369 2110 prehabits
1386 2047 1498 2109 proptor
1517 2041 1601 2096 telem
1619 2017 1770 2096 irrotursm
1789 2056 1821 2095 eo

163 2146 257 2200 minus
276 2145 365 2201 stabit
382 2163 431 2216 per
448 2145 595 2202 terminum
613 2147 778 2217 prefinitum.
836 2140 921 2206 Sunt
966 2147 1077 2206 autem
1122 2139 1168 2206 hii
1211 2139 1420 2206 fideiussores
1465 2141 1821 2207 Frankenvordenses:

163 2251 301 2320 Spliridus
328 2253 361 2307 de
386 2253 561 2322 Gysooheiur,
589 2254 729 2310 Johenuss
755 2255 845 2310 dictus
872 2254 1019 2322 Goltstein,
1045 2254 1214 2308 Culmuunus
1240 2253 1273 2308 de
1300 2253 1458 2324 Ovenbsch,
1481 2253 1576 2324 Wiglo
1603 2255 1636 2308 de
1655 2253 1821 2328 Wsnebech‚

164 2351 276 2435 Wiglo
300 2351 408 2418 dictus
433 2353 540 2436 Runa,
565 2355 775 2421 Hermunuus
800 2357 838 2420 de
864 2354 1043 2420 Ovenboch
1067 2353 1175 2420 dictus
1201 2354 1579 2434 ulobeioondonredus
1603 2353 1710 2420 dictus
1726 2354 1822 2420 Rint-

163 2457 247 2539 lleiz,
281 2459 426 2542 scobiui;
458 2461 717 2527 Hannemenuus
747 2464 787 2528 de
820 2461 927 2544 Spira,
959 2460 1218 2527 Honnemuunus
1249 2464 1289 2527 de
1318 2460 1522 2527 Hcltzhusen
1552 2468 1585 2528 et
1612 2462 1822 2528 Hermunuus

163 2564 274 2630 dictus
295 2565 453 2634 Swortze.
506 2567 591 2634 Sunt
621 2574 730 2634 eutem
760 2567 806 2632 hii
835 2567 1042 2633 fideiussores
1072 2567 1368 2650 Fridebergeuses:
1393 2574 1486 2644 Jungo
1512 2576 1545 2628 ue
1564 2576 1710 2646 lympurg,
1737 2575 1821 2630 Hein-

162 2679 237 2735 rieus
265 2680 358 2734 dietus
383 2681 463 2749 Rern,
494 2674 665 2741 Jobennes
696 2674 804 2740 dictus
835 2675 944 2756 Rode,
958 2655 962 2664 ¹
975 2673 1211 2741 Heilemounus
1241 2677 1281 2740 de
1311 2674 1476 2758 Dorheim,
1507 2673 1683 2741 Heinricus
1713 2675 1821 2741 dictus

162 2779 283 2863 Engel,
316 2781 465 2863 Angelus
495 2781 602 2848 irater
632 2801 729 2864 suus,
751 2780 987 2847 Heilemonnus
1018 2781 1125 2847 dictus
1155 2801 1220 2848 von
1251 2784 1309 2847 der
1339 2751 1405 2864 uit,
1429 2782 1603 2848 Ecbordus
1627 2785 1667 2847 de
1688 2781 1819 2864 Oxstst,

162 2887 403 2954 Heilemannus
433 2891 473 2954 de
496 2883 694 2972 Ldbenberg
724 2893 757 2954 et
781 2888 951 2955 Johouues
980 2891 1019 2954 de
1042 2887 1190 2954 Ostheim
1219 2887 1306 2954 filius
1328 2888 1474 2957 Ditwiui.
1526 2889 1609 2962 Sunt
1641 2893 1750 2954 autem
1774 2888 1822 2954 hii

162 2993 375 3060 fideiussores
384 2983 647 3072 Wetilorienses:
676 3003 873 3058 Heilemonnne
898 3003 970 3058 fluns
996 3003 1132 3072 derherst,
1158 2997 1368 3062 Hermunnus
1385 2995 1492 3061 dictus
1509 2994 1614 3078 Selge,
1639 3002 1711 3058 Rulo
1730 3003 1820 3058 metus

161 3108 267 3178 Reyge,
293 3108 452 3164 Hortrodue
478 3109 512 3162 de
540 3087 704 3176 Herlzheim',
733 3104 894 3171 Gerlecus
934 3103 1040 3169 dictus
1079 3103 1281 3186 Medersele,
1322 3103 1493 3169 Juliannes
1532 3101 1639 3168 dictus
1678 3103 1818 3186 Beyger,

165 3207 320 3274 Morkelo
345 3211 385 3275 de
408 3203 553 3291 Ndveru,
579 3209 792 3276 Eberhardus
816 3211 901 3278 filius
917 3210 1062 3291 Ernesti,
1087 3211 1298 3276 Hermannus
1314 3209 1519 3276 Mouetorins
1543 3215 1577 3275 et
1592 3208 1820 3276 Hartmannus

153 3317 203 3380 de
226 3315 427 3382 Herlzheim.
479 3317 562 3382 Sunt
593 3324 701 3383 eutem
732 3317 779 3383 hii
808 3318 1017 3384 fideiussores
1041 3317 1324 3400 Geyluhusenses:
1350 3314 1539 3382 srioerious
1564 3315 1671 3382 dictus
1695 3336 1738 3381 on
1762 3319 1820 3382 der

163 3422 284 3502 Eclrin,
318 3422 488 3489 Ortwiuus
518 3423 625 3489 dictus
653 3423 768 3506 Grose,
800 3425 970 3491 iohannes
1002 3428 1041 3490 de
1066 3421 1293 3508 Oreygenleld,
1327 3423 1486 3508 spurious
1517 3426 1557 3490 de
1580 3423 1817 3505 Breidenbach,

162 3529 368 3595 Wernherus
391 3529 476 3595 lilius
493 3531 596 3610 Gude,
622 3531 834 3614 Reynboldus
857 3534 897 3597 de
914 3531 1116 3616 Spigelberg,
1141 3532 1369 3598 Hartmounus
1386 3533 1424 3596 dc
1440 3529 1602 3612 Kerlstot,
1617 3527 1819 3596 Wortwinus

162 3636 248 3701 lilius
272 3637 408 3718 Berthe,
434 3636 626 3703 Gerhardus
650 3636 757 3702 dictus
781 3637 927 3722 Urlouge
951 3643 984 3704 et
1007 3637 1216 3706 Hermonnus
1241 3638 1348 3705 dictus
1367 3638 1475 3722 Dodo.
1519 3645 1556 3699 Et
1581 3643 1616 3698 ad
1641 3643 1722 3697 huius
1748 3644 1818 3698 ordi-

161 3749 286 3805 nationis
306 3756 335 3804 et
353 3751 599 3820 compromissionis
618 3751 701 3806 robur
721 3767 753 3806 ec
771 3751 959 3807 testimonium
978 3752 1079 3823 sigillis
1098 3753 1244 3808 ciuitatum
1262 3759 1420 3808 nostrerum
1437 3753 1621 3822 predictorum
1640 3752 1690 3806 hus
1708 3751 1819 3807 litteros

162 3857 290 3914 dommus
311 3858 487 3915 roborandas.
534 3851 657 3917 Datum
681 3857 714 3917 et
738 3856 848 3918 actum
872 3872 957 3918 enno
982 3852 1102 3919 domini
1125 3853 1293 3919 millesimo
1317 3852 1547 3920 trecentesimo
1572 3858 1664 3930 sexto
1685 3851 1820 3942 decime,

162 3958 194 4023 iu
219 3958 274 4026 die
299 3960 473 4026 beatorum
496 3958 651 4042 'lyburtii
674 3963 708 4025 et
723 3958 892 4026 Valeriani
916 3959 1096 4026 martirum.

382 4099 428 4156 Or.
441 4101 529 4171 Ppmt.
567 4100 622 4154 Dic
641 4104 658 4154 4
676 4101 764 4172 Siopcl
788 4101 836 4156 dor
861 4100 957 4156 oiddia
977 4101 1159 4171 (Frunlcfort,
1179 4101 1340 4171 Friedbcrp,
1356 4101 1486 4170 Wetrlcr,
1507 4100 1692 4166 Gelobooseu)
1710 4100 1818 4171 bdopen

433 4190 586 4260 besdedde'pt
604 4207 649 4245 ao.
687 4189 726 4245 St.
739 4191 774 4244 A.
788 4191 961 4246 Darmstodt.
1492 4242 1495 4248 .
1655 4235 1657 4240 ,

380 4279 462 4334 ἄνᾶν,
480 4281 550 4334 naci
575 4279 634 4333 dem
657 4279 719 4334 ον..·
745 4280 1003 4350 Reimer,11,150.
1048 4281 1107 4335 Der
1128 4281 1225 4335 Druck
1247 4281 1307 4336 B.’s
1331 4284 1384 4335 427
1407 4282 1496 4349 „uach
1521 4281 1595 4334 einer
1621 4279 1703 4347 Cepis
1729 4277 1818 4347 Diff.“

433 4366 681 4437 (Dieffenbaotsi),
700 4370 744 4422 dic
761 4386 813 4424 eeu
825 4369 860 4424 B.
874 4371 1026 4424 obeuntur
1045 4370 1226 4424 ἄᾶενανὸενῗίεᾶ
1244 4370 1345 4438 words,
1364 4369 1438 4424 weist
1457 4369 1574 4456 eiureloe
1587 4367 1740 4424 Variantco
1758 4367 1817 4436 aus,

432 4458 477 4511 die
495 4458 552 4512 siclo
571 4459 637 4512 aber
655 4459 697 4512 als
716 4459 814 4513 Ferro
833 4459 881 4513 ἄεν
900 4460 1042 4514 benotsteo
1060 4458 1204 4524 Abecbrist
1222 4458 1355 4512 ενΙνενννενν
1373 4459 1469 4512 tossen.

384 4546 476 4601 Vere:
493 4547 538 4615 Β,
558 4547 625 4616 ch.
638 4547 721 4616 Lod,
740 4547 931 4613 Leodfrieden
951 4550 1004 4604 No.
1019 4552 1085 4618 860,
1108 4548 1213 4616 Scribo,
1232 4547 1277 4615 Π,
1296 4547 1350 4602 Νε.
1365 4550 1442 4602 1059.

380 4635 479 4691 Dieser
494 4636 612 4705 Vertroq
636 4637 673 4690 ist
697 4637 747 4690 mit
766 4639 923 4692 Auenabme
947 4639 995 4692 der
1017 4639 1059 4693 cis
1076 4639 1163 4693 solete
1180 4638 1218 4692 im
1237 4639 1333 4692 Druck
1351 4638 1605 4707 pekeuorce'cbuetcu
1623 4637 1741 4690 Zusdtse
1760 4636 1818 4689 ciue

430 4727 545 4780 mutatis
569 4726 709 4781 moteridis
733 4726 945 4796 plcicbloutendc
970 4727 1227 4798 Neurussertipuup
1253 4729 1316 4798 (epi.
1337 4729 1407 4782 oucb
1431 4727 1478 4788 dic
1501 4722 1578 4780 dum.
1599 4725 1665 4793 Bu,
1691 4742 1726 4778 zu
1750 4723 1816 4794 ch.

432 4815 514 4883 Lod,
533 4815 550 4868 i.
563 4817 598 4881 o.)
624 4815 670 4868 des
694 4815 731 4868 im
749 4814 837 4870 Jobrc
856 4819 925 4871 1306
944 4816 1056 4871 Januor
1074 4819 1110 4872 20
1133 4818 1330 4888 qescblosscneu
1349 4815 1631 4886 Beudos-Vestrapes
1655 4815 1703 4868 der
1722 4812 1818 4868 Stridte

430 4903 599 4972 Fraulefurt,
619 4901 779 4974 Friedbcrp,
795 4905 916 4960 Wetslar
933 4906 992 4960 νενιᾶ
1011 4905 1191 4975 Sclipensiadt
1211 4908 1274 4976 (opi.
1288 4905 1374 4960 Baod
1393 4905 1413 4959 Ι
1428 4901 1481 4959 No.
1496 4908 1571 4971 871),
1590 4905 1639 4958 ἄεν
1655 4903 1816 4970 occurrito,

431 4993 481 5046 wie
498 4994 580 5047 seben
598 4993 662 5047 dort
675 4994 834 5062 urrpcpebeu,
854 4996 912 5048 eine
927 4995 1050 5060 oiosacbe
1062 4997 1245 5066 Emeueeunp
1260 4996 1305 5050 des
1315 4996 1460 5064 Vertropce
1473 5009 1526 5048 eoru
1538 4992 1701 5060 Fruolcsurt,
1716 4991 1816 5046 Fried-

431 5081 640 5152 turpiterque
664 5082 722 5136 und
749 5082 921 5137 Geloiauseu
946 5101 998 5138 oco
1023 5088 1094 5139 1285
1118 5102 1184 5140 war.
1228 5084 1475 5140 Bemerlccuswertb
1496 5083 1541 5151 isi,
1567 5083 1631 5137 daos
1646 5081 1716 5149 jetzt
1736 5080 1815 5135 Gelu·

431 5171 535 5226 boore-u
547 5171 652 5238 teiedcr,
674 5171 723 5225 wic
736 5175 814 5240 1285,
834 5173 864 5226 in
877 5173 935 5226 dom
947 5174 1048 5228 Bundc
1060 5174 1199 5243 ενεᾶιεᾶἄ,
1218 5173 1348 5228 noireto
1360 5169 1541 5243 Selipeustadt
1554 5170 1760 5241 auspescbiedeu
1772 5169 1815 5223 ist.

160 5459 225 5534 52.
252 5466 317 5532 Die
342 5465 533 5532 Proviscreu
562 5467 618 5532 ἄεν
640 5467 762 5533 Kirclee
790 5490 832 5532 νιν
858 5468 1135 5536 Odor-Ericudocb
1166 5470 1339 5552 verlaeefeu
1366 5471 1437 5534 dem
1459 5469 1605 5551 Scddffeu
1626 5468 1727 5553 Weqel
1757 5487 1817 5531 ocu

249 5574 429 5640 Wanebaclr
451 5577 541 5638 εἰπενε
565 5574 654 5655 Zius,
678 5575 734 5640 der
758 5575 862 5640 disier
884 5597 943 5640 ooo
966 5577 1077 5642 desseu
1092 5577 1181 5661 Hofe
1203 5579 1268 5660 aus
1287 5578 1357 5642 dem
1372 5577 1550 5642 Rossbubel
1572 5597 1616 5640 su
1631 5573 1817 5656 Fruulrfurt

249 5702 295 5747 ou
317 5681 385 5768 {lire
406 5679 528 5746 Kirehe
550 5702 592 5746 zu
615 5683 784 5748 eutrichteu
807 5704 884 5748 war.
932 5689 1020 5748 1316
1043 5684 1140 5768 April
1161 5691 1215 5751 29.

430 5841 455 5892 o)
469 5839 522 5883 Der
536 5837 635 5884 ursum
649 5842 663 5884 d
675 5839 740 5895 sedit
751 5841 787 5885 im
799 5839 916 5896 Vertrape
929 5853 976 5886 eon
988 5842 1053 5887 13⁰0.

211 5945 378 5990 Fronkturter
391 5945 588 5991 urkundenbuch
603 5947 633 5990 ll.
