4428 6406
385 358 451 425 272
1060 353 1129 410 1329
1148 352 1305 422 September
1322 353 1364 408 20.

386 558 443 621 des
468 553 591 638 stylltis
614 552 654 619 zh
670 554 811 634 Mentze,
836 552 952 637 grelcn
976 552 1138 619 Gerlaehe
1162 571 1226 618 von
1243 552 1401 617 Nassawe
1418 552 1483 616 und
1500 547 1616 632 grelen
1631 549 1785 616 Iohanne
1801 568 1865 614 von
1884 547 2043 614 SolmIsze

385 681 449 728 von
474 680 575 744 eyner
598 660 693 742 siten,
718 663 782 725 und
808 663 871 726 den
894 680 959 726 von
975 645 1114 726 Wetllar
1137 678 1201 725 von
1225 661 1283 724 der
1307 660 1428 724 andern
1452 663 1558 740 syten,
1584 660 1661 730 etan
1681 655 1715 721 in
1731 653 1828 739 ghdir
1843 655 1957 739 gedult
1973 657 2041 720 ond

385 766 470 834 iride
500 786 604 851 eyoen
633 773 776 850 gantzen
799 769 919 851 maynd
943 767 1028 832 nach
1052 766 1153 832 disem
1177 762 1346 845 lantlride,
1372 783 1434 830 ane
1459 763 1521 829 elle
1546 766 1688 846 geverde
1711 764 1777 828 und
1802 761 1949 846 argelist.
1993 759 2043 825 Zir

385 875 535 941 urkunde
559 877 625 940 und
649 873 755 940 vestir
778 873 942 940 stedekeit
966 873 1040 940 allir
1063 872 1151 938 dirre
1174 873 1434 955 vorgeschreben
1458 871 1563 954 dinge,
1581 878 1614 936 et
1638 876 1758 936 cetera.
1784 869 1821 954 (ll

601 1033 742 1098 Aberta-itt
767 1033 1151 1102 oeprert.e·omea.1350
1197 1032 1235 1085 St.
1251 1035 1282 1086 A.
1299 1033 1348 1086 Fr.
1386 1031 1748 1086 Recessere-uelamen
1768 1031 1820 1086 No.
1835 1035 1897 1084 121¹.

601 1141 700 1194 uem..-
718 1140 858 1206 stream,
878 1123 1070 1204 narranaam
1094 1146 1174 1193 mer
1193 1139 1312 1210 meuse
1336 1139 1394 1192 aar
1414 1139 1529 1206 earm,
1550 1143 1618 1205 reo,·
1642 1139 1760 1206 ueram,
1778 1139 1823 1202 η,
1843 1141 1904 1192 319.
1943 1136 2044 1190 ouem

654 1230 723 1282 necle
741 1229 880 1282 Sclrreolm.

601 1338 713 1405 Repeat:
733 1337 830 1404 Saum,
851 1335 892 1404 1¹,
915 1342 972 1390 167.

605 1443 698 1498 Vere:
719 1443 767 1498 rr.
781 1443 852 1510 Irim,
874 1443 916 1510 II,
935 1447 959 1497 2.
1056 1439 1058 1444 ’

386 1891 478 1968 366.
507 1901 598 1966 Tbelo
631 1901 777 1966 Grideter·
807 1903 875 1966 iered
904 1901 999 1966 Fece
1032 1900 1201 1982 oerleoufeo
1233 1902 1302 1966 elem
1329 1904 1374 1966 St.
1394 1901 1649 1982 Lemehordste'fte
1678 1905 1745 1966 eine
1768 1899 1949 1984 Komptilte
1979 1901 2046 1964 uteri

504 2014 607 2074 seteeo
630 2009 826 2074 Ldmtereieo
850 2010 905 2074 hei¹
921 2009 1078 2090 Steirefurt
1100 2030 1173 2072 erem
1203 2007 1412 2090 eleterpfane.
1462 2014 1548 2072 1329
1573 2009 1747 2090 September
1769 2013 1825 2071 20.

494 2169 566 2251 Ego
587 2167 680 2234 Thilo
706 2168 813 2234 dietus
829 2167 981 2236 Grideler
1006 2177 1039 2235 et
1055 2169 1224 2252 Alheydis,
1249 2188 1332 2235 uxor
1356 2168 1498 2236 eiusdem
1522 2169 1696 2253 legittima,
1723 2168 1986 2252 recognoscimus
2012 2177 2046 2234 et

387 2279 502 2341 tenore
519 2275 722 2356 presencium
739 2275 868 2358 publice
882 2277 1081 2358 profitemur,
1100 2279 1184 2356 quod
1201 2295 1261 2342 nos
1273 2275 1419 2342 unanimi
1432 2277 1458 2361 lt
1471 2295 1633 2343 consensu
1645 2283 1678 2342 et
1690 2296 1788 2342 manu
1802 2275 2047 2343 communicata

387 2381 473 2447 iusto
504 2381 708 2448 vendicionis
739 2383 834 2448 titulo
864 2382 1069 2450 vendidimus
1099 2382 1344 2449 honorabilibus
1375 2383 1456 2464 viris
1481 2437 1513 2450 ..
1539 2384 1667 2450 dondno
1690 2387 1816 2450 decano
1840 2389 1873 2450 et
1898 2382 2047 2464 capitulo

388 2487 524 2554 ecclesie
549 2495 736 2554 sanctorum
752 2489 858 2555 Mario
874 2491 901 2574 sl
918 2498 952 2556 et
968 2490 1081 2557 Georii
1104 2510 1144 2556 ac
1167 2490 1259 2557 beati
1275 2489 1440 2556 Leonardi
1463 2491 1496 2556 in
1513 2489 1740 2558 Frankenfort
1764 2498 1906 2572 quatuor
1922 2487 2048 2555 octalia

388 2594 491 2661 tritici
506 2595 828 2662 Frankenlordensis
852 2617 1003 2664 mensure
1027 2617 1134 2664 annue
1159 2597 1326 2679 pensionis
1350 2595 1438 2663 inira
1463 2601 1525 2663 duo
1548 2595 1647 2678 festa,
1673 2595 1910 2679 assumptionis
1929 2595 2048 2663 videh-

387 2708 441 2767 cet
457 2701 484 2787 ts
500 2709 535 2767 et
558 2701 746 2770 nativitatis
769 2706 866 2770 beate
890 2703 1037 2788 virginis
1062 2703 1216 2770 inlocum
1233 2703 1460 2770 Frankenlort
1477 2706 1519 2770 ad
1535 2707 1672 2784 domum,
1698 2723 1793 2784 quam
1810 2702 1907 2768 iidem
1923 2702 2049 2768 domini

386 2809 560 2890 voluerint,
586 2830 645 2892 per
665 2821 727 2876 ¹nos
752 2820 810 2877 aut
834 2817 964 2878 nostros
988 2811 1125 2879 heredes
1149 2811 1244 2878 annis
1268 2811 1406 2894 singulis
1430 2813 1654 2893 presentanda
1678 2812 1738 2876 sub
1762 2809 1885 2876 nostris
1901 2809 2047 2892 propriis

386 2915 554 2982 laboribus
577 2924 612 2982 et
636 2919 800 3000 expensis,
827 2918 924 2985 nullis
948 2918 1077 2984 onmino
1101 2918 1283 3002 grandinis
1309 2917 1474 2984 exercitus
1498 2919 1551 2984 vel
1568 2917 1705 2984 alterius
1722 2936 1822 2983 auree
1839 2915 2047 2982 turbacionis

388 3023 542 3106 pericuIIs
573 3025 789 3107 preexceptis.
837 3027 901 3092 Pro
925 3045 1061 3106 (luorum
1086 3033 1227 3106 quatuor
1251 3024 1405 3091 octalium
1430 3023 1534 3090 tritici
1558 3043 1665 3090 annue
1689 3023 1855 3106 pensionis
1878 3021 2048 3088 solucione

388 3129 500 3196 dehita
530 3139 563 3197 et
595 3138 752 3198 consueta
781 3133 1057 3216 interpingnora⁸
1080 3131 1247 3214 posuimus
1280 3151 1379 3215 agros
1402 3139 1533 3197 nostros
1558 3130 1708 3213 proprios
1731 3129 1813 3196 sitos
1836 3130 1870 3196 in
1895 3128 2049 3196 terminis

387 3237 464 3303 ville
490 3236 696 3321 somniaret
727 3241 799 3306 Hac
823 3239 978 3308 videlicet
1002 3239 1134 3306 adiecta
1158 3238 1357 3320 condicione,
1383 3241 1468 3321 quod
1492 3237 1744 3322 interpingnora
1767 3237 1962 3320 supradicta
1986 3256 2049 3318 per

388 3351 520 3410 nostros
536 3345 673 3412 heredes
690 3345 792 3414 dividi
809 3367 874 3413 non
887 3349 1017 3430 debent,
1036 3350 1094 3412 sed
1110 3354 1239 3413 tantum
1257 3365 1340 3414 unus
1356 3348 1511 3412 heredum
1527 3345 1596 3412 sive
1613 3363 1837 3411 successorum
1857 3349 2048 3410 nostrorum

389 3450 539 3532 predicta
555 3453 642 3518 hona
657 3452 915 3536 interpingnoris
928 3454 1056 3521 nomine
1074 3453 1264 3536 possidebit.
1301 3453 1513 3519 Promisimus
1530 3451 1757 3518 nichilominus
1773 3458 1806 3516 et
1823 3449 2048 3533 promittimus

388 3577 447 3638 per
471 3565 650 3640 presentes,
677 3564 771 3643 quod,
797 3561 825 3626 si
852 3560 939 3628 inira
964 3564 1027 3628 duo
1052 3561 1142 3628 testa
1163 3560 1322 3644 predicta,
1348 3559 1586 3642 assumpcionis
1610 3559 1762 3626 videlicet
1788 3563 1821 3623 et
1845 3557 2046 3626 nativitatis,

388 3673 600 3731 memoratam
625 3667 812 3747 pensionem
832 3670 896 3735 non'
914 3668 1116 3750 solverimus
1141 3675 1178 3732 ut
1195 3675 1353 3746 tenemur,
1379 3672 1413 3732 et
1428 3685 1531 3748 usque
1548 3667 1590 3732 ad
1605 3663 1727 3731 festum
1743 3664 1834 3731 beati
1848 3664 2048 3732 Michahelis

389 3771 533 3852 proxime
557 3775 758 3854 subsequens
775 3795 839 3842 non
857 3774 1115 3842 satisfecerimus
1132 3780 1355 3857 conpetenter,
1381 3781 1500 3840 extunc
1518 3773 1668 3856 predicta
1684 3772 1935 3855 interpingnora
1952 3774 1996 3837 ad
2017 3825 2046 3836 ..

388 3882 548 3944 decanum
572 3887 606 3945 et
630 3880 808 3963 capitulum
833 3881 1017 3948 antedictos
1040 3882 1143 3948 libere
1168 3889 1201 3947 et
1225 3883 1348 3963 absque
1374 3879 1637 3947 contradiccione
1654 3879 1800 3962 qualibet
1816 3878 2047 3946 devolventur.

387 3986 497 4052 soluta
520 3991 630 4052 tamen
654 3995 732 4054 ante
756 3989 864 4055 omnia
888 3989 1044 4071 pensione
1068 3989 1227 4071 predicta.
1275 3989 1484 4054 Promisimus
1509 3987 1611 4053 eciam
1636 3985 1778 4070 prelatis
1803 4039 1835 4052 ..
1860 3988 1987 4053 decano
2014 3997 2049 4053 et

388 4093 532 4174 capitulo
557 4097 597 4160 de
621 4095 805 4164 huiusmodi
827 4097 1020 4164 vendicione
1045 4096 1247 4164 vorandiam
1271 4094 1383 4162 lacere
1407 4095 1550 4161 debitam
1575 4102 1608 4160 et
1632 4101 1831 4176 consuetam,
1856 4114 2049 4178 superque

388 4201 559 4268 warandia
589 4201 744 4270 iacienda
773 4204 982 4271 fideiussores
1013 4203 1239 4287 obhgavimus,
1265 4201 1420 4270 videlieet
1443 4205 1629 4269 Conradum
1654 4207 1687 4267 et
1710 4202 1913 4286 Heynricum
1937 4201 2049 4269 dictos

389 4308 569 4390 Gridelere,
596 4309 719 4376 iratres
736 4311 798 4376 mei
815 4310 942 4377 Tilonis
958 4311 1106 4393 predicti.
1147 4309 1366 4393 Resignamus
1382 4309 1484 4394 igitur
1500 4329 1559 4391 per
1575 4315 1747 4391 presentes
1763 4315 1904 4391 quatuor
1920 4309 2049 4376 actalia

389 4415 492 4481 tritici
516 4437 623 4482 annue
647 4417 823 4498 pensionis,
848 4423 886 4483 ut
910 4418 1099 4500 predicitur,
1126 4418 1318 4499 supradicta
1342 4420 1385 4483 ad
1408 4436 1524 4482 manus
1548 4423 1581 4482 et
1606 4417 1843 4498 possessionem
1869 4471 1901 4484 ..
1926 4417 2049 4484 decani

389 4528 423 4588 et
446 4522 583 4605 capituli
607 4524 837 4606 predictorum.
878 4526 965 4592 Acta
989 4533 1066 4591 sunt
1089 4527 1149 4591 hec
1173 4523 1381 4607 presentibus
1397 4523 1478 4590 viris
1494 4523 1641 4590 honestis
1657 4531 1691 4590 et
1708 4523 1876 4590 discretis:
1902 4525 2048 4592 Gerlaco

389 4633 428 4694 de
439 4631 639 4713 Wertheym,
659 4632 812 4699 Anselmo
826 4635 865 4698 de
876 4633 1122 4715 Oppershoven,
1137 4635 1290 4699 (lunrado
1303 4631 1390 4698 dicto
1401 4632 1500 4710 Kruc,
1514 4633 1720 4714 Heylmanno
1733 4631 1822 4697 dicto
1835 4631 2049 4712 hletzcelere,

390 4743 423 4803 et
447 4737 522 4804 aliis
546 4739 793 4820 quampluribus
817 4740 999 4824 fidediguis.
1040 4741 1080 4806 In
1097 4761 1231 4823 quorum
1248 4740 1389 4806 omnium
1407 4739 1640 4822 premissorum
1656 4739 1876 4806 testimonium
1894 4745 1928 4805 et
1944 4743 2048 4806 robur

389 4844 524 4910 evidens
548 4853 718 4928 presentes
743 4847 891 4914 dedimus
914 4848 1039 4914 litteras
1065 4900 1070 4912 .
1091 4902 1096 4914 .
1123 4851 1247 4914 decano
1264 4853 1298 4914 et
1314 4847 1458 4928 capitulo
1476 4845 1652 4913 antedictis
1669 4845 1785 4931 sigillis
1803 4848 2047 4914 honorabilium

389 4952 533 5018 virorum
556 4953 729 5035 Iohannis
756 4955 887 5036 plebani
910 4955 943 5020 in
965 4954 1148 5040 Steynlurt,
1173 4947 1215 5021 et'
1230 4954 1400 5021 Eberwini
1423 4953 1573 5020 strennui
1596 4952 1709 5019 militis
1733 4953 1813 5019 dicti
1833 4955 1900 5019 Leo
1924 4951 2048 5020 ibidem

389 5081 448 5142 pro
473 5059 647 5126 munimine
671 5063 855 5132 roboratas,
895 5063 942 5128 Et
965 5083 1023 5128 nos
1047 5063 1217 5130 Johannes
1241 5061 1400 5144 plebanus
1424 5069 1458 5127 et
1481 5061 1678 5128 Eberwinus
1701 5061 1793 5128 miles
1818 5061 1979 5128 antedicti
2003 5065 2046 5127 ad

389 5174 541 5252 rogatum
565 5174 598 5233 et
622 5168 817 5250 peticionem
840 5170 1061 5252 predictorum
1078 5170 1205 5236 Tilonis
1229 5169 1308 5236 dicti
1325 5169 1495 5236 Gridelere
1519 5175 1553 5234 et
1568 5168 1737 5252 Alheydis,
1762 5169 1874 5234 uxoris
1898 5167 2047 5236 ciusdem

388 5274 542 5358 legitime,
568 5275 678 5382 sigilla
702 5283 817 5382 nostra
841 5277 1048 5360 presentibus
1072 5277 1222 5344 duxhnus
1239 5279 1465 5359 appendenda.
1505 5279 1623 5342 Actum
1642 5281 1675 5342 et
1691 5278 1804 5342 datum
1821 5295 1907 5342 anno
1923 5275 2048 5342 domini

388 5380 430 5446 rh.
453 5378 518 5446 dee.
544 5382 734 5463 XXVIIII,
757 5383 834 5449 ΧΠ.
857 5385 1018 5450 kalendas
1042 5384 1195 5450 octobris

606 5541 652 5597 Or.
667 5543 755 5614 Pprnt.
793 5544 857 5598 Ner
876 5543 921 5597 die
938 5543 1004 5598 eruet
1016 5543 1218 5614 Stepetetretsea
1235 5545 1343 5614 heimger
1361 5545 1486 5598 trocleam.
1526 5543 1565 5596 St.
1576 5545 1610 5596 A.
1624 5542 1673 5596 Fr.
1711 5541 1925 5608 Leoabardetift
1936 5542 1990 5597 No.
2000 5547 2046 5598 21.

656 5868 681 5916 a)
698 5863 743 5906 Sol
770 5863 795 5916 h)
810 5863 846 5907 Ee
857 5863 921 5918 folet
935 5863 975 5907 dte
989 5862 1230 5917 Lagebeecleretbuup
1245 5861 1289 5906 der
1303 5851 1389 5906 deber.
