4428 6406
369 321 437 401 324
1069 313 1138 369 1332
1157 314 1265 370 Januar
1284 316 1326 369 14.

369 536 409 583 zu
433 511 668 594 lhankinford,
694 512 831 595 Gudele,
855 511 921 578 min
945 509 1150 576 Katherinen
1182 505 1301 592 sister,
1327 511 1378 576 die
1410 517 1537 577 etswan
1567 531 1637 578 was
1669 511 1771 578 eliche
1801 511 1920 580 wirten
1942 514 2023 580 hern

369 621 517 690 Ortwins
547 640 590 685 an
620 622 679 686 der
701 618 821 702 Echio,
844 618 974 697 Arnolt,
1000 617 1160 699 Hertwin,
1185 618 1295 684 Johan
1322 620 1389 684 und
1414 619 1544 684 Ounrad
1569 615 1761 703 gebridere,
1786 620 1892 686 miner
1915 615 2023 686 sister

346 729 493 814 ,seligen
516 725 694 809 Hedevvigc
718 725 801 808 kint,
826 725 980 792 Hertwin
1003 725 1069 790 und
1093 724 1210 809 Rylint
1233 728 1436 808 gesusterde,
1461 714 1691 793 mins'bruder
1714 727 1832 811 seligin
1854 727 2023 794 Hertwins

369 856 409 904 zu
440 838 511 901 dem
535 833 708 900 Hohinhus
735 831 818 914 kint,
844 851 908 899 von
938 835 1010 898 dem
1035 831 1243 927 Rebestocke
1273 838 1407 916 genunt,
1432 836 1498 899 und
1529 836 1632 900 ander
1662 833 1707 900 vil
1737 833 1840 918 ghder
1862 833 1947 915 lude,
1972 835 2022 900 die

284 955 287 962 '
369 947 471 1010 darzu
496 939 621 1008 wordin
644 939 784 1024 gebcdin
807 941 874 1004 und
897 938 1097 1022 geheischin,
1122 959 1162 1004 zu
1187 939 1306 1005 sehene
1329 943 1396 1005 und
1420 960 1460 1005 zu
1484 940 1586 1006 horne
1610 940 1660 1006 dit
1676 939 1946 1024 vorgeschriebin
1963 941 2024 1006 sel·

369 1051 489 1135 gerede
511 1047 546 1114 in
569 1047 651 1113 aher
675 1048 733 1113 der
755 1065 858 1127 meze,
882 1045 962 1112 wisc
985 1048 1053 1112 und
1076 1043 1189 1127 forme,
1216 1046 1265 1112 als
1282 1045 1335 1111 ich
1353 1065 1389 1110 ez
1405 1053 1520 1129 gesatz
1537 1047 1611 1112 han.
1660 1047 1783 1112 Datum
1800 1065 1886 1113 anno
1903 1047 2023 1114 domiui

368 1157 411 1226 rh.
432 1150 498 1224 ddi.
522 1131 682 1236 xxiiii,
707 1132 802 1218 xlii.
824 1153 985 1219 kalendas
1008 1150 1177 1218 februarii.

478 1298 810 1382 (procumbentes.)
864 1296 911 1361 Et
949 1314 1010 1379 ego
1048 1294 1219 1380 SyfriduS,
1255 1301 1355 1362 natus
1390 1299 1552 1376 quondam
1588 1296 1737 1363 Bertoldi
1771 1296 1851 1364 dicti
1884 1295 2024 1364 Rldman

865 1401 999 1485 opidani
1014 1399 1349 1482 Frankenfordensis
1376 1402 1514 1470 clericus
1529 1402 1720 1487 Moguntine
1735 1403 1896 1488 dyocesis,
1921 1403 2025 1488 pubh-

863 1529 921 1575 cus
952 1507 1151 1576 auctoritate
1181 1507 1344 1592 imperiali
1373 1508 1538 1590 notarius,
1571 1509 1650 1592 quia
1678 1529 1765 1578 anno
1797 1531 1818 1576 a
1847 1510 2024 1580 nativitate

864 1615 985 1683 domini
1015 1615 1121 1683 nostri
1144 1616 1167 1682 J
1169 1634 1227 1682 esu
1251 1615 1376 1682 Christi
1405 1615 1574 1683 millesimo
1606 1616 1830 1685 tricentesimo
1861 1616 2024 1686 tricesimo

864 1722 974 1806 tertio,
1005 1722 1185 1791 indictione
1216 1722 1332 1807 prima,
1365 1724 1577 1807 pontificatus
1607 1724 1808 1792 sanctissimi
1837 1723 1871 1792 in
1895 1725 2024 1792 christo

724 1817 735 1830 ”
864 1830 972 1913 patris
1003 1850 1043 1898 ac
1070 1830 1200 1914 domini,
1226 1830 1347 1898 domini
1371 1832 1394 1898 J
1396 1831 1544 1914 ohannis
1570 1831 1682 1900 diviua
1705 1831 1918 1914 providencia
1941 1852 2025 1915 pape

863 1935 1013 2005 vicesimi
1043 1937 1187 2021 secundi,
1221 1958 1307 2004 anno
1338 1937 1476 2020 septimo
1508 1937 1795 2020 decimodecino
1825 1945 1946 2008 octava
1975 1939 2025 2006 die

864 2044 986 2112 mensis
1009 2044 1161 2128 ianuarii,
1186 2065 1249 2128 que
1272 2043 1337 2111 fnit
1355 2043 1441 2111 feria
1456 2047 1601 2112 secunda
1616 2045 1768 2128 proxima
1783 2053 1859 2130 post
1875 2052 2025 2115 octavam

792 2157 794 2163 ’
865 2152 1048 2236 epiphanie,
1073 2153 1156 2220 hora
1178 2152 1291 2236 prime,
1316 2152 1351 2219 in
1374 2159 1474 2235 stupa
1489 2155 1603 2219 domus
1619 2152 1875 2220 inhabitacionis
1890 2155 2026 2220 honeste

864 2266 1014 2327 matrone
1029 2260 1221 2344 Katherine,
1246 2259 1362 2326 relicte
1386 2261 1548 2342 quondam
1561 2259 1742 2344 Wigelcnis
1758 2259 1840 2326 dicti
1856 2262 1896 2326 de
1909 2261 2027 2327 Wane-

864 2367 960 2450 bach,
984 2367 1114 2435 scabini
1137 2365 1464 2449 Frankinlordensis,
1488 2385 1555 2433 uua
1583 2386 1654 2434 oum
1678 2367 1925 2435 honorabilibus
1948 2367 2026 2436 viris

866 2480 900 2541 et
929 2473 1068 2542 dominis
1099 2475 1240 2542 testibus
1270 2471 1505 2556 infrascriptis,
1530 2476 1572 2540 ad
1602 2475 1664 2540 hoc
1687 2473 1815 2543 vocatis
1840 2473 2026 2558 speciahter

865 2587 900 2648 et
935 2581 1080 2666 rogatiS,
1111 2580 1267 2649 videlicet
1301 2581 1474 2663 Bertoldo,
1508 2579 1617 2647 sancti
1646 2580 1887 2664 Bartholomei,
1918 2583 2025 2662 Petro,

870 2693 1059 2756 sanctorum
1082 2687 1189 2755 Marie
1220 2694 1253 2754 et
1277 2687 1423 2772 Georgii,
1448 2686 1605 2772 Nycolao,
1630 2686 1750 2753 montis
1773 2693 1890 2754 sancte
1912 2688 2025 2771 Marie,

867 2794 1081 2862 ecelesiarum
1119 2792 1496 2876 Frankenfordensium,
1538 2845 1570 2859 ..
1611 2793 1761 2876 decanis,
1802 2795 1960 2877 Gerlaco,
1994 2849 2026 2860 ..

866 2901 1042 2970 scolastico
1076 2901 1198 2968 montis
1232 2909 1347 2968 sancte
1381 2900 1487 2967 Maria
1523 2899 1685 2984 predicte,
1721 2899 1905 2968 Hartmhdo
1941 2902 2027 2969 dicto

868 3011 908 3074 de
939 3007 1165 3092 Grininberg,
1196 3008 1321 3076 vicario
1352 3007 1481 3088 ibidem,
1513 3005 1620 3074 fratre
1649 3007 1839 3075 Hermanno
1871 3007 1959 3076 dicto
1989 3009 2028 3075 de

868 3111 1034 3199 thecke,
1060 3115 1169 3199 priore
1193 3114 1334 3182 fratrum
1352 3120 1385 3180 et
1401 3119 1583 3183 conventus
1602 3166 1608 3180 .
1625 3167 1630 3179 .
1649 3113 1900 3181 Carmelitarum
1917 3118 2028 3182 domus

749 3227 750 3230 ’
869 3219 903 3288 in
919 3221 1156 3305 Frankenfort,
1183 3221 1288 3289 fratre
1304 3220 1463 3288 Heinrico
1487 3221 1575 3287 dicto
1593 3219 1701 3302 Dufel,
1727 3221 1852 3288 ordinis
1875 3221 2027 3305 eiusdem,

868 3329 1028 3414 magIstro
1051 3329 1219 3412 Heinrico,
1245 3336 1375 3396 rectore
1406 3328 1580 3395 scolarium
1611 3327 1748 3396 ecclesie
1771 3327 1892 3396 montis
1916 3337 2029 3397 sancte

868 3434 973 3503 Marie
998 3435 1159 3520 antefate,
1185 3443 1219 3503 et
1241 3435 1393 3504 cumano
1418 3434 1505 3502 dicto
1528 3435 1650 3518 Kaltiz,
1675 3441 1892 3519 procuratore
1915 3443 2029 3503 sancte

869 3541 958 3610 sedis
987 3541 1187 3628 Mogentinc,
1220 3540 1510 3629 dissposicionitl),
1544 3541 1784 3624 constitucioni,
1815 3542 2028 3624 ordinationi,

868 3647 994 3716 lecture
1025 3655 1059 3716 et
1088 3648 1308 3732 publicacioni
1339 3648 1531 3715 testamenti
1554 3647 1719 3732 prelibati,
1744 3648 1828 3716 facti
1851 3655 1885 3715 et
1909 3649 2030 3716 66111111

870 3775 929 3838 per
944 3755 1162 3824 Katherinam
1187 3754 1383 3839 antelatam,
1409 3776 1448 3822 ac
1472 3755 1546 3822 aliis
1570 3755 1719 3822 omnibus
1743 3762 1778 3822 et
1800 3755 1939 3839 singulis
1958 3776 2031 3838 pre-

869 3861 966 3929 dictis
996 3862 1030 3929 in
1060 3863 1147 3931 dicto
1179 3869 1377 3930 testamento
1408 3862 1614 3946 conscriptis,
1645 3882 1713 3929 una
1744 3882 1817 3928 cum
1846 3861 2031 3945 prenotatis

870 3968 1012 4036 testibus
1042 3989 1179 4054 presens
1208 3967 1364 4051 interfui,
1396 3988 1453 4036 eas
1483 3973 1521 4034 nt
1551 3975 1644 4053 geste
1674 3976 1769 4052 sunt,
1800 3967 1872 4035 fieri
1901 3967 1970 4037 vidi
1999 3975 2032 4035 et

871 4075 993 4160 audivi,
1022 4075 1283 4162 recognicionem
1313 4081 1346 4143 et
1378 4075 1653 4158 approbacionem
1682 4073 1868 4142 huiusmodi
1897 4074 2033 4157 proprie

871 4200 968 4250 mauu
984 4203 1058 4251 mea
1073 4182 1192 4266 scripsi
1208 4182 1292 4250 etin
1308 4183 1394 4249 hanc
1410 4181 1573 4265 publicam
1590 4181 1729 4249 formam
1746 4180 1858 4266 redegi
1875 4181 2032 4265 signoque

869 4308 940 4356 meo
971 4290 1069 4357 solito
1092 4289 1127 4357 in
1150 4288 1313 4356 iuncturis
1338 4289 1541 4356 cartularum
1566 4295 1599 4355 et
1621 4289 1656 4354 in
1679 4289 1743 4355 fine
1767 4291 1943 4355 earundem
1968 4308 2032 4354 una

870 4415 944 4462 cum
973 4395 1212 4464 honorabilium
1242 4395 1386 4462 virorum
1414 4393 1615 4462 dominorum
1639 4393 1782 4461 iudicum
1806 4401 1921 4462 sancte
1945 4394 2032 4461 sedis

764 4575 767 4580 ,
870 4501 1070 4587 Mogontine,
1094 4502 1276 4569 Katherine
1304 4501 1448 4586 legantis
1480 4508 1513 4567 61
1543 4499 1712 4583 testantia,
1738 4500 1896 4583 Bertoldi,
1926 4501 2033 4574 sancti

679 4612 715 4677 ..'
747 4669 749 4674 .
871 4608 1108 4691 Bartholomei,
1140 4609 1245 4691 Petri,
1278 4616 1467 4675 sanctorum
1498 4607 1603 4674 Maria
1636 4615 1670 4673 et
1701 4607 1852 4691 Georgii,
1883 4607 2031 4691 Nycolai,

664 4713 666 4720 '
787 4773 790 4782 ,
872 4715 992 4782 montis
1028 4723 1144 4782 sancte
1177 4715 1299 4798 Marie,
1337 4715 1548 4782 ecelesiarum
1583 4711 1963 4796 Frankenfordensium,
2001 4767 2031 4778 ..

695 4815 722 4904 1ἶ
752 4819 789 4846 ’“’
855 4825 1078 4905 'decanorum
1105 4822 1247 4904 Gerlach
1267 4819 1480 4891 ..scolastici
1500 4819 1637 4887 ecclesie
1657 4819 1778 4885 montis
1794 4827 1910 4886 sancte
1926 4820 2031 4888 Maria

410 4979 415 4989 .
544 4978 548 4986 .
620 5011 624 5020 ,
749 4931 773 4992 ’.
799 4927 813 4935 ”
872 4927 1196 4996 Frankenfordensis
1209 4936 1393 5012 prenotate,
1405 4925 1521 4994 fratris
1531 4927 1713 4993 Hermanni
1726 4925 1805 4992 dicti
1818 4927 1857 4992 de
1867 4925 2031 5007 thhecke,

594 5105 597 5112 ,
634 5035 637 5042 ’
875 5087 907 5100 ..
933 5033 1051 5117 prioris
1081 5033 1225 5102 fratrum
1256 5043 1288 5101 et
1320 5041 1502 5102 conventus
1533 5041 1648 5100 sancte
1672 5032 1776 5099 hiarie
1801 5035 1841 5098 de
1865 5038 1976 5100 monte
2002 5085 2030 5099 ..

484 5143 487 5150 ’
561 5153 564 5160 ’
639 5223 644 5236 Ι
680 5139 684 5148 ’
873 5141 1015 5208 Carmeli
1037 5145 1151 5208 domus
1174 5142 1209 5208 in
1232 5139 1469 5220 Frankenlort,
1491 5191 1519 5208 ..
1542 5139 1753 5206 officialitatis
1776 5191 1804 5204 ..
1827 5139 2032 5222 prepositure

872 5247 1207 5334 Frankenfordensia
1224 5267 1350 5314 necnon
1366 5245 1517 5330 magistri
1529 5245 1687 5329 Heinrioi,
1705 5245 1844 5312 rectoris
1861 5244 2033 5313 scolarium

753 5347 757 5356 ’
872 5355 1009 5422 ecclesie
1040 5355 1159 5422 montis
1183 5355 1298 5421 sancte
1321 5353 1427 5420 Maris
1449 5349 1774 5420 Frankenfordensis
1798 5351 2031 5434 prenominata,

840 5461 845 5516 ἶ
873 5459 1010 5546 s'ygr'llis,
1029 5481 1091 5542 quc
1107 5459 1254 5544 presenti
1270 5466 1468 5526 testamento
1486 5466 1519 5526 et
1534 5459 1752 5526 instrumento
1771 5465 1805 5525 et
1821 5458 2033 5542 singulariter

874 5565 1007 5634 cuilibet
1024 5573 1116 5634 carte
1132 5567 1166 5633 in
1181 5567 1342 5634 iuncturis
1360 5567 1535 5633 earundem
1553 5572 1631 5632 sunt
1646 5585 1803 5649 appensa,
1828 5565 1864 5631 in
1879 5566 2032 5632 maiorem

875 5674 1106 5741 certitudinem
1121 5673 1308 5741 huiusmodi
1324 5671 1517 5740 testamenti
1532 5671 1673 5756 signavi,
1693 5677 1831 5756 rogatus
1847 5672 1909 5738 suh
1926 5669 2031 5738 debito

875 5781 1058 5848 iuramento
1092 5780 1155 5848 mei
1185 5779 1282 5847 officii
1312 5779 1549 5848 tabellionatus
1579 5777 1754 5862 diligenter
1784 5784 1818 5844 et
1847 5777 2031 5860 requisitus.
