4436 6404
1121 325 1190 380 tuus
1209 325 1276 382 luni
1294 325 1337 382 86.

617 523 662 580 Or.
678 525 765 596 Ppmt.
802 524 861 580 Von
880 524 932 580 den
949 524 1040 580 siches
1056 525 1257 596 aalma»
1275 523 1382 594 δίεμαι
1399 524 1436 578 in
1453 524 1506 579 doe
1524 531 1592 580 ente
1609 525 1668 578 used
1685 523 1777 578 meite
1790 523 1928 589 (Dechart
1941 523 2058 598 Bcnold

667 615 726 669 und
741 615 850 670 Kantor
862 614 1018 680 Reinbcrd)
1038 615 1099 668 sehr
1118 615 1280 684 heschddipt,
1299 614 1350 668 das
1369 614 1453 668 dritte
1471 615 1609 679 (Declmnt
1625 614 1771 676 lt'ilcolone)
1790 613 2056 672 nortmannum,

667 706 719 760 dos
736 705 820 759 aare
832 703 957 769 (Kentos
969 703 1090 768 Arnold)
1109 703 1170 756 sehr
1188 703 1349 773 heschddipt,
1369 705 1462 758 eterno
1476 704 1528 758 dos
1540 703 1633 770 sitnm
1645 703 1690 758 des
1702 703 1900 758 Schrdtheiseen
1912 702 2057 758 thorcnn

671 793 876 864 (Wappenbt'hi
882 813 892 847 .·
904 792 960 859 aus
970 792 1137 863 Querhollen
1151 793 1212 846 ἄνεί
1224 793 1323 861 Rauen,
1338 793 1459 847 durdber
1471 795 1514 848 ein
1527 793 1621 848 holder
1633 793 1742 860 Adher),
1756 793 1849 847 ehenso
1862 792 1927 846 sind
1939 791 2029 860 Siequ
2041 795 2058 842 o·

670 883 823 948 (Wortwr'n
846 899 898 938 uon
916 883 965 936 der
983 882 1064 948 Erice,
1082 882 1284 952 Wappenhild:
1303 881 1383 936 Stcrn
1402 899 1453 936 oua
1470 883 1537 938 ewci
1555 883 1872 952 ethereinuuderpdepten
1891 882 2055 944 Dreiechen)

667 973 725 1027 arrd
744 971 863 1042 stepen
882 971 1031 1036 (Heinrich
1045 971 1203 1026 Goldotein:
1221 971 1379 1042 Steipernler
1391 971 1484 1036 Lorne)
1505 971 1665 1042 hachdde'pt.
1703 970 1742 1026 st.
1756 973 1790 1024 A.
1805 970 1856 1024 Fr.
1872 969 2056 1034 Liehsrcnen·

664 1059 728 1126 stist
746 1061 800 1116 No.
816 1066 857 1116 14.

505 1223 508 1232 Ι
613 1152 668 1206 Die
686 1151 831 1221 Datirunp
850 1150 950 1220 erpicbt
969 1150 1026 1204 sich
1045 1167 1096 1205 cus
1115 1151 1163 1204 der
1182 1151 1309 1204 ndchsten
1333 1150 1470 1204 Urltnndc.

397 1441 490 1517 278.
516 1445 712 1530 Erebischof
725 1447 872 1514 Mallias
888 1468 948 1512 oon
959 1446 1075 1512 Maior
1091 1447 1275 1512 emsctcatct
1291 1445 1340 1511 als
1355 1446 1522 1530 pehorener
1533 1445 1779 1512 Schicolsrichier
1795 1449 1883 1510 moen
1897 1444 2057 1509 stotonae

514 1555 701 1622 Kcthorino
724 1555 792 1620 aad
817 1554 938 1634 Giscio,
962 1554 1023 1620 den
1041 1554 1184 1620 Witlroen
1202 1553 1319 1638 Wipcls
1343 1575 1401 1618 oon
1420 1552 1598 1619 Wonehnch
1615 1553 1682 1617 und
1699 1553 1800 1637 Wiqel
1815 1552 1967 1631 Froschs,
1993 1552 2059 1632 crtf

515 1665 572 1730 der
594 1667 692 1742 circem
717 1663 784 1728 und
803 1661 977 1727 Heilmonn
996 1660 1121 1727 Frosch
1144 1660 1208 1742 auf
1227 1661 1284 1726 der
1307 1661 1429 1726 andern
1444 1661 1524 1726 Seue
1547 1681 1652 1745 wepen
1674 1661 1730 1726 des
1745 1659 2056 1742 Kirchcapai-ronots

515 1793 559 1837 an
587 1771 644 1836 der
673 1769 988 1852 Liehfrcr'tcnhopellc
1018 1769 1241 1834 enlstondeneo
1270 1767 1483 1833 Rechisstrcd.
1542 1767 1694 1832 Vilcbcch
1724 1789 1779 1832 vor
1808 1766 1933 1846 Maior,
1967 1769 2055 1831 1325

516 1879 600 1944 Jent
622 1883 676 1942 26.

504 2011 544 2078 Iu
574 2009 702 2078 nomine
733 2009 863 2092 domini,
889 2029 993 2076 amen.
1047 2007 1192 2075 Mathias
1223 2007 1277 2075 dei
1306 2007 1420 2094 gracia
1449 2015 1564 2075 sancte
1587 2008 1779 2092 Moguutinc
1809 2007 1896 2074 sedis
1927 2005 2057 2074 archie-

399 2117 569 2202 piscopus,
601 2117 689 2184 sacri
718 2115 846 2200 imperii
875 2137 935 2200 per
966 2113 1176 2184 Germaniam
1207 2115 1527 2182 archicancellarius.
1588 2117 1641 2182 Ad
1671 2115 1899 2183 universorum
1929 2114 2057 2182 Christi

397 2224 539 2294 fidehum
570 2232 639 2292 tam
669 2223 875 2306 presencium
905 2242 1002 2304 quam
1019 2223 1045 2310 ΙΙ
1063 2220 1249 2288 futurorum
1278 2222 1427 2289 volumus
1457 2222 1612 2289 noticiam
1643 2223 1827 2305 pervenire,
1859 2224 1954 2304 quod,
1981 2241 2055 2289 cum

398 2331 486 2400 inter
496 2333 654 2398 honestas
666 2334 836 2397 matronas
848 2329 1064 2396 Katberinam
1078 2335 1112 2395 et
1124 2328 1290 2412 Gyselam,
1305 2328 1519 2396 discretorum
1532 2329 1677 2397 virorum
1690 2333 1852 2413 quondam
1860 2329 2056 2414 Wygelonis

398 2438 635 2506 deWauebaoh
648 2438 675 2522 ll
688 2443 723 2504 et
737 2440 901 2518 quondam
907 2435 1099 2520 Wygelonis
1114 2435 1196 2503 dicti
1208 2436 1367 2520 Froysch,
1386 2437 1594 2504 scabinorum
1610 2436 1643 2502 in
1657 2435 1892 2518 Frankiniord,
1907 2437 2054 2516 relictas,

399 2563 439 2610 ex
462 2564 537 2627 una,
570 2551 604 2610 et
628 2546 822 2627 prudentem
845 2543 950 2612 virum
974 2543 1216 2628 Heylmannum
1240 2543 1363 2610 dictum
1387 2545 1546 2627 Froysch,
1572 2544 1740 2610 scabinum
1763 2544 1799 2610 in
1814 2543 2054 2624 Frankiulord,

398 2671 539 2734 suosque
563 2651 700 2717 heredes
725 2671 783 2718 seu
807 2657 957 2734 posteros
981 2670 1021 2716 ex
1046 2649 1162 2730 altem,
1188 2656 1305 2716 exorta
1329 2657 1417 2717 esset
1440 2649 1480 2716 lis
1505 2670 1561 2717 seu
1585 2651 1725 2718 materia
1748 2649 1929 2732 questionis
1953 2670 2056 2734 super

398 2757 468 2824 iure
492 2764 689 2842 patronatus
714 2757 839 2840 capelle
863 2764 977 2823 sancte
995 2756 1100 2822 Maria
1123 2755 1212 2823 ulme
1229 2757 1426 2823 Rossebuhil
1442 2757 1474 2822 in
1492 2756 1727 2838 Frankinlord,
1753 2761 1907 2824 mandato
1925 2758 2055 2840 procla-

398 2864 554 2932 macionis
579 2885 638 2947 per
662 2883 720 2931 nos
745 2863 887 2930 discreto
912 2863 984 2930 viro
1000 2861 1143 2928 Henrico
1161 2862 1248 2929 dicto
1264 2864 1423 2954 Froysoh,
1448 2864 1588 2945 plebano
1604 2865 1636 2930 in
1654 2863 1889 2946 Frankinlord,
1915 2864 2053 2946 directo,

398 2973 459 3037 sub
491 2991 576 3038 anno
609 2971 731 3037 domini
761 2969 930 3037 millesimo
955 2969 1185 3036 trecentesimo
1210 2969 1364 3036 vicesimo
1388 2969 1511 3052 quinto,
1539 2951 1611 3037 Xi.
1634 2973 1795 3038 kalendas
1825 2971 1929 3052 maii,¹
1953 2991 2056 3052 super

398 3097 482 3145 novo
514 3078 650 3162 collegio
681 3077 885 3144 instituendo
909 3096 968 3160 per
991 3095 1050 3142 nos
1075 3078 1107 3142 in
1132 3077 1260 3157 capella
1283 3075 1347 3143 iam
1371 3077 1477 3159 dicta;
1503 3077 1550 3144 sic
1574 3081 1737 3160 pendente
1761 3078 1899 3146 termino
1924 3077 2055 3161 procla-

398 3184 556 3252 maoionis
571 3182 711 3268 prolate,
731 3190 955 3268 opposuerunt
972 3203 1006 3249 se
1023 3189 1057 3248 et
1072 3183 1293 3252 reclamarunt
1311 3184 1445 3250 discreti
1460 3183 1524 3251 uiri
1540 3185 1755 3252 Heilmauuus
1771 3185 1878 3253 dictus
1891 3187 2053 3270 Froysob,

398 3291 554 3358 scabinus
578 3291 611 3358 in
636 3289 873 3372 Frankinlord,
899 3289 1005 3356 irater·
1029 3309 1204 3374 germanus
1228 3293 1392 3372 quondam
1408 3292 1449 3356 W
1450 3292 1599 3376 ygelonis
1623 3291 1701 3359 dicti
1725 3293 1875 3376 Froysch
1899 3293 2053 3376 predicti.

399 3418 439 3465 ac
462 3397 512 3465 sui
538 3451 570 3463 ..
596 3400 744 3480 heredes,
770 3395 916 3464 dicentes
941 3403 974 3464 et
998 3397 1190 3481 allegantes,
1216 3397 1466 3478 iuspatronetus
1490 3419 1549 3482 pro
1573 3399 1680 3466 media
1703 3407 1799 3481 parte
1823 3399 1910 3468 dicte
1927 3401 2054 3482 capelle

284 3563 287 3568 ,
399 3512 433 3571 et
462 3507 600 3571 duorum
631 3502 860 3570 beneficiorum
890 3503 1018 3584 ibidem,
1045 3523 1104 3586 per
1127 3503 1290 3585 quondam
1306 3505 1519 3588 Wygelonem
1544 3506 1665 3572 dictum
1688 3507 1838 3591 Froysch
1862 3510 2055 3573 dotatorum

399 3618 433 3678 et
457 3609 680 3693 fundatorum,
705 3614 748 3678 ed
773 3629 807 3677 se
832 3610 903 3677 iure
926 3610 1125 3676 hereditario
1142 3608 1214 3677 iore
1231 3611 1434 3694 devolutum3
1460 3620 1494 3678 et
1518 3613 1646 3680 siclam
1663 3614 1785 3680 dictum
1801 3614 2055 3696 iuspatronatus

398 3721 441 3785 ad
465 3716 665 3800 sepedictum
681 3717 911 3784 Heilmannum
936 3737 1075 3799 suosque
1094 3718 1232 3784 heredes
1248 3724 1282 3784 et
1298 3719 1404 3785 nullos
1420 3719 1502 3786 alios
1519 3723 1638 3787 debere
1655 3729 1807 3805 spectare
1823 3727 1857 3787 et
1873 3720 2052 3804 pertinere,

398 3844 471 3892 cum
495 3823 561 3892 siut
585 3830 618 3890 et
641 3825 788 3892 existant
812 3826 949 3890 heredes
973 3823 1186 3907 proximiores
1210 3827 1373 3906 quondam
1389 3826 1581 3910 Wygelonis
1604 3827 1685 3895 dicti
1707 3828 1857 3912 Froysob
1881 3829 2052 3912 sepedicti,

398 3937 432 3998 et
456 3931 503 3998 sio
526 3931 700 3998 interesset
725 3951 787 3998 sua
810 3937 843 3998 et
867 3931 930 3998 sibi
953 3929 1084 4012 suisque
1107 3930 1282 3998 heredibus
1298 3931 1512 4014 preiudicium
1528 3941 1754 4017 generaretur,
1781 3935 1809 4002 si
1825 3938 1865 4002 de
1880 3936 1944 4003 iam
1961 3937 2055 4005 dicta

398 4038 526 4120 capelle
554 4039 649 4106 fieret
679 4037 818 4104 ecclesia
849 4037 1024 4122 collegiata
1053 4037 1133 4119 ipsis
1163 4037 1361 4120 irrequisitis
1385 4039 1437 4106 vel
1461 4040 1532 4106 sine
1556 4059 1666 4107 eorum
1691 4061 1852 4110 consensu
1876 4063 2052 4126 expresso:

397 4145 445 4212 sic
468 4144 581 4226 itaque
604 4144 663 4210 lite
688 4163 799 4210 coram
823 4143 919 4210 nobis
943 4146 1116 4226 pendente,
1141 4143 1362 4226 positionibus
1386 4151 1420 4210 et
1443 4145 1595 4212 articulis
1619 4149 1662 4214 ab
1685 4154 1826 4230 utraque
1850 4157 1946 4233 parte
1963 4154 2054 4218 datis

398 4257 431 4317 et
455 4250 724 4334 responsionibus
749 4249 944 4332 subsecutis
969 4249 1162 4318 iuramentis
1186 4253 1355 4318 amborum
1379 4251 1525 4334 parcium
1550 4253 1771 4335 predictarum
1796 4275 1854 4338 per
1870 4264 2003 4326 nostros
2021 4313 2051 4326 ..

398 4357 637 4425 commissarios
669 4356 813 4440 receptis
846 4364 878 4423 et
911 4357 1052 4424 testibus
1085 4358 1235 4439 pluribus
1266 4358 1384 4425 iuratis
1416 4359 1569 4428 hincinde
1601 4361 1770 4444 productis
1801 4383 1842 4431 ac
1875 4364 2054 4450 diligenter

398 4463 605 4544 examinatis,
630 4467 756 4531 demum
788 4463 1062 4532 attestaciouibus
1093 4464 1279 4548 pubhcatis,
1305 4464 1401 4532 dictis
1433 4466 1583 4548 partibus
1614 4473 1741 4536 certum
1771 4470 1945 4538 terminum
1977 4493 2054 4556 pre-

397 4569 526 4638 fiximus
551 4574 593 4637 ad
617 4571 897 4654 pronunciandum
922 4571 1091 4639 diffinitive
1108 4591 1206 4656 super
1221 4571 1402 4654 preludicio
1419 4580 1452 4639 et
1467 4573 1629 4642 iuteresse
1646 4575 1816 4660 predictis,
1841 4597 1904 4660 que
1920 4579 2053 4661 quidem

398 4675 629 4758 pronunciacio
645 4677 730 4744 bono
747 4681 840 4744 modo
858 4684 892 4744 et
907 4677 1032 4744 salubri
1048 4685 1183 4761 propter
1199 4679 1310 4746 varias
1327 4679 1505 4747 dilationes
1520 4679 1601 4748 iuris
1618 4689 1653 4748 et
1663 4683 1782 4751 nimias
1794 4686 2053 4771 prorogacioues

396 4781 468 4850 fieri
491 4782 648 4864 nequivit,
673 4783 723 4849 ita
746 4787 832 4864 quod
855 4784 966 4868 plures
986 4791 1019 4851 et
1035 4785 1145 4868 plures
1162 4785 1301 4868 termini,
1326 4785 1482 4854 videlicet
1496 4787 1530 4854 in
1546 4788 1815 4877 Aschcffinbarp,
1839 4791 1873 4858 in
1888 4793 2051 4878 Plugwia,

396 4889 430 4956 in
446 4889 608 4956 Erenvels
633 4896 666 4956 et
681 4889 867 4974 Moguncia,
893 4897 1025 4958 suntet
1050 4889 1185 4958 fuerunt
1208 4912 1267 4976 per
1290 4912 1350 4960 nos
1374 4893 1470 4960 dictis
1495 4895 1647 4976 partibus
1671 4897 1786 4980 pretini
1811 4905 1844 4964 et
1868 4899 2051 4984 assignati;

397 5000 531 5074 tandem
554 5000 596 5062 ad
615 5003 762 5064 nostram
779 4997 1043 5065 exhortacionem
1061 5005 1094 5066 et
1109 4999 1331 5067 inductionem
1347 5002 1441 5068 ambe
1457 5006 1571 5084 partes
1588 5003 1734 5084 predicte
1749 5003 1783 5070 in
1800 5024 1869 5087 noS,
1887 5006 2052 5074 Mathiam

397 5101 677 5187 archiepiscopum
700 5104 929 5188 Moguutinnm
960 5104 1135 5188 prefatum,
1161 5113 1327 5188 tamquam
1356 5107 1390 5173 in
1422 5107 1592 5192 arbitrum,
1617 5109 1850 5178 arbitratorem
1880 5133 1938 5180 seu
1969 5115 2052 5182 ami-

397 5209 534 5276 cabilem
558 5209 799 5293 conpositorem
822 5231 881 5295 pro
905 5211 996 5279 diota
1019 5212 1188 5294 questione
1212 5213 1394 5280 decidenda
1418 5215 1603 5283 voluntarie
1627 5226 1864 5285 consenserunt
1888 5226 1922 5286 et
1945 5221 2052 5288 amice

396 5315 687 5400 conpromiserunt,
713 5315 760 5383 sic
784 5317 948 5401 videlicet,
974 5322 1060 5402 quod
1082 5319 1268 5408 Katherina
1290 5327 1324 5386 et
1340 5322 1465 5402 Gysela
1487 5342 1527 5389 en
1551 5341 1626 5406 una,
1652 5329 1686 5391 et
1701 5324 1916 5394 Heilmauuus
1939 5327 2051 5395 dictus

396 5422 545 5507 Froysoh
561 5423 676 5505 suique
694 5476 700 5491 .
715 5475 722 5488 .
740 5426 877 5492 heredes
893 5445 933 5491 ex
950 5425 1066 5508 altera,
1092 5434 1206 5510 partes
1222 5427 1378 5510 predicte,
1397 5429 1471 5510 pari
1486 5449 1648 5497 consensu
1664 5437 1698 5496 et
1713 5431 1860 5499 unanimi
1875 5434 2050 5502 uoluntate

396 5527 489 5596 uobis
520 5529 729 5597 tradiderunt
759 5540 793 5598 et
824 5535 983 5599 dederunt
1016 5541 1215 5616 potestatem
1246 5540 1279 5600 et
1302 5523 1497 5602 facultatem
1521 5556 1620 5619 super
1643 5539 1873 5608 controversie
1896 5542 2052 5622 predicta

396 5636 644 5719 pronunciandi,
669 5636 704 5703 in
735 5638 885 5705 amicicia
916 5640 968 5707 vel
991 5639 1025 5706 in
1048 5640 1128 5722 iure,
1154 5641 1424 5724 qualitercunque
1448 5651 1561 5710 nostre
1585 5644 1733 5727 placeret
1755 5645 1935 5730 voluntati;
1961 5652 2050 5730 quod

451 5813 535 5885 ¹V91.
554 5816 622 5870 ubm
640 5816 693 5870 No.
711 5821 773 5871 270.
