4416 6414
432 333 475 399 ie
975 327 1043 382 terr
1062 323 1179 382 orator
1192 327 1226 383 ra
1239 357 1272 366 -
1287 327 1355 382 rerv
1369 325 1486 380 orosa
1497 327 1540 382 aa.

432 523 567 610 Hirste,
593 546 655 610 que
685 525 813 608 quidem
844 525 1074 608 suprascripta
1096 525 1183 591 bona
1207 545 1227 592 a
1251 525 1345 592 nobis
1369 531 1402 591 et
1425 523 1571 607 imperio,
1597 524 1682 592 sicut
1705 524 1836 604 asserit,
1861 531 1953 592 tenet
1976 526 2081 609 tytulo

430 634 564 717 teodad,
588 633 674 700 mille
698 651 828 700 marcas
852 631 983 717 argenti
1006 632 1080 718 puri
1103 631 1204 698 nobili
1218 631 1346 698 mulieri
1361 631 1553 698 Mechtbildi
1568 635 1608 698 de
1621 633 1795 713 Waldckk,
1822 631 1915 702 uxori
1930 651 1987 698 sue
2002 632 2082 716 legi-

431 743 518 826 time,
543 741 672 809 nomine
695 739 782 807 dotis
805 742 975 823 deputare,
1001 742 1124 808 donare
1147 741 1260 808 valeat
1283 745 1315 806 et
1340 739 1441 807 etiam
1464 739 1652 824 assignare3
1677 740 1835 822 volentes,
1860 742 1944 821 quod
1969 743 2081 806 eadem

431 854 499 932 dos,
540 869 638 932 super
675 846 769 914 bonis
808 847 964 929 predictis
1003 844 1133 930 prefate
1167 846 1341 914 Mehthildi
1375 867 1433 930 per
1468 850 1605 914 eundem
1639 845 1868 913 Eberhardnm
1901 847 1936 913 in
1969 851 2081 912 nostre

430 956 616 1025 maiestatis
640 953 811 1038 presencia
834 953 1005 1036 deputata,
1030 953 1059 1024 si
1081 953 1186 1036 ipsam
1202 953 1409 1021 Mcbthildim
1433 955 1591 1021 decedere
1608 953 1824 1038 contingeret,
1849 956 1892 1019 ad
1907 951 2081 1020 Elizabeth

431 1071 464 1132 et
495 1062 715 1144 Liuchardim,
747 1060 832 1128 filias
862 1060 977 1145 ipsine,
1009 1061 1112 1131 libere
1142 1061 1348 1131 devolvatur.
1402 1061 1448 1126 Et
1478 1081 1577 1144 super
1606 1061 1667 1128 hoc
1698 1058 1848 1143 prefatas
1878 1059 2082 1128 Mehthildim

430 1179 570 1239 matrem
593 1189 719 1236 necnon
742 1167 918 1235 Elizabeth
942 1175 976 1234 et
991 1167 1204 1236 Liucbardim
1227 1167 1323 1250 illias,
1347 1175 1480 1251 recepto
1504 1168 1596 1251 prius
1620 1157 1733 1234 abeis
1757 1175 1790 1234 et
1814 1186 1926 1234 earum
1946 1166 2082 1250 singulis

431 1279 551 1361 osculo,
576 1283 674 1358 prout
702 1275 736 1342 in
765 1275 887 1342 talibus
910 1276 951 1341 de
974 1273 1045 1342 iure
1069 1282 1103 1344 et
1126 1275 1362 1343 consuetudine
1385 1274 1456 1341 ficri
1480 1275 1660 1356 consuevit,
1684 1278 1726 1340 de
1750 1277 1825 1340 dote
1850 1281 1882 1340 et
1906 1273 2081 1341 donatione

430 1384 613 1452 huiusmodi
635 1383 865 1452 investivimus
888 1388 923 1449 et
946 1381 1147 1451 auctoritate
1163 1383 1370 1466 presencium
1384 1381 1587 1450 investimus
1634 1382 1674 1447 In
1691 1381 1782 1447 cuius
1798 1381 1846 1447 rei
1861 1379 2081 1447 testimoninm

430 1498 601 1576 presentes
630 1491 746 1558 literas
777 1489 941 1557 conscribi
973 1496 1007 1556 et
1037 1489 1143 1574 sigillo
1174 1489 1360 1558 maiestatis
1391 1496 1504 1556 nostre
1534 1489 1687 1555 iussimus
1711 1487 1911 1555 communiri.
1961 1488 2080 1553 Datum

430 1601 464 1666 in
487 1598 778 1679 Ascbalienburob,
802 1597 876 1664 idus
907 1596 1061 1678 octobrio,
1087 1617 1172 1666 anno
1197 1597 1318 1664 donini
1339 1596 1508 1664 millesimo
1533 1596 1761 1664 trecentesimo
1786 1595 1924 1681 septimo
1947 1595 2079 1680 decimo,

431 1706 525 1792 regni
548 1726 625 1772 vero
650 1704 756 1772 nostri
780 1724 865 1771 anno
889 1703 1002 1771 tercio.

646 1847 692 1902 Or.
706 1848 794 1917 Ppmt.
807 1848 857 1902 mit
876 1847 1105 1918 Majarcsaiepet
1129 1865 1168 1904 aa
1185 1849 1436 1920 praesecet-peltes
1454 1846 1644 1912 Seidrrsddea.
1689 1847 1889 1917 Wemiperode,
1915 1845 2082 1900 Frirstlr'cbee

699 1935 883 1992 Hauearrbie.
902 1936 1045 1992 Ebendort
1054 1938 1098 1992 eto
1106 1938 1220 2007 rweitm,
1229 1937 1454 2008 pleicbloutendea
1464 1936 1509 1992 Or.
1518 1938 1567 1990 mit
1577 1937 1776 1992 errbroebenem
1786 1935 1881 2006 erepet
1901 1935 2081 1989 Koliatimeirt

696 2043 748 2081 vore
769 2027 853 2082 Grote
867 2026 927 2081 end.

645 2116 745 2171 Orda:
763 2117 806 2183 B,
832 2027 885 2171 418
910 2117 981 2170 norb
998 2116 1127 2186 «locante,
1152 2115 1338 2188 Spicilepe'am,
1358 2119 1425 2182 409;
1450 2115 1552 2186 Lsiaip,
1580 2114 1686 2185 Corpus
1711 2115 1782 2168 iaris
1808 2115 1935 2180 fmdobs'e,
1961 2113 1986 2182 J,
2012 2116 2081 2167 1149

698 2207 822 2272 (ecbiecbt
841 2206 890 2260 mit
909 2207 1116 2278 Acalaasarpeo
1133 2223 1169 2264 ru
1189 2207 1288 2274 1309),-
1311 2206 1428 2273 Rrimer,
1447 2204 1491 2273 II,
1512 2207 1564 2258 176
1581 2205 1651 2258 aad·
1669 2205 1734 2258 ervei
1752 2209 1880 2274 spdtereo
1898 2201 2080 2267 Abecbriften.

648 2296 742 2350 Vera.-
760 2295 804 2364 B.,
818 2295 884 2366 1309.
898 2295 981 2362 laad,
1000 2295 1053 2350 No.
1066 2299 1137 2366 27&
1154 2295 1260 2362 Serta,
1273 2294 1299 2362 I,
1313 2294 1365 2349 No.
1376 2297 1439 2360 816,
1453 2293 1496 2360 Π,
1512 2293 1565 2346 No.
1577 2296 1662 2360 10⁷e,·
1680 2293 1786 2347 writers
1799 2291 2078 2360 Littermaraupabeu

699 2385 740 2440 ber'
759 2385 869 2440 Reme
887 2386 904 2441 1.
919 2403 961 2439 c..

430 2671 495 2750 78.
522 2681 685 2760 Heinrich,
711 2680 775 2745 Abi
797 2703 839 2746 ra
862 2679 982 2761 Ferrea,
1006 2682 1089 2766 piebt
1111 2681 1181 2746 dam
1199 2680 1411 2761 Froretfmter
1426 2679 1658 2744 Sobaltbeissert
1673 2677 1776 2742 Riua-
1791 2677 1907 2744 VoIrod
1932 2683 1952 2740 6
1969 2675 2079 2757 Herod

520 2788 628 2853 Heller
657 2809 718 2853 aras
750 2793 852 2854 seiaer
883 2788 970 2854 Rode
998 2811 1038 2854 eu
1069 2787 1215 2856 droam
1244 2788 1294 2852 uls
1324 2786 1564 2870 Erbbrtrplcbea
1592 2786 1648 2850 des
1678 2787 1838 2851 Srb'tossee
1862 2784 2077 2868 Rispaniam.

518 2899 610 2959 1317
631 2895 763 2962 October
786 2898 829 2960 19
853 2895 980 2976 (XIIII.
1002 2895 1068 2961 kal.
1091 2895 1191 2980 nou).
2183 2895 2184 2924 ³

644 3035 744 3090 Orda:
762 3036 806 3106 B,
824 3039 878 3092 139
895 3037 967 3092 areb
986 3037 1089 3105 Ratae,
1107 3037 1251 3096 narsete
1270 3035 1463 3102 Nuebricbtm,
1482 3037 1565 3090 morte
1582 3034 1749 3106 sommare,
1769 3038 1828 3090 100.

649 3124 766 3180 Writers
784 3125 941 3180 Meretur
959 3142 1046 3182 rere:
1064 3126 1170 3192 ritate,
1190 3125 1215 3194 l,
1235 3125 1288 3180 No.
1304 3129 1357 3180 817
1375 3125 1434 3178 aad
1452 3125 1495 3192 ΙΙ,
1516 3125 1569 3180 No.
1584 3127 1661 3180 1069.

430 3409 495 3487 711.
520 3419 631 3503 Kb'raip
661 3418 800 3505 Lredwip
834 3421 957 3488 erlaubt
988 3422 1049 3486 dere
1080 3422 1232 3488 t'oeteaa
1263 3423 1317 3487 des
1348 3423 1452 3488 Aeros
1486 3441 1544 3486 eoa
1568 3419 1733 3504 Breuberp
1765 3421 1815 3484 die
1840 3419 2016 3506 nfaetsotpe
2047 3425 2077 3484 ia

518 3531 695 3611 peccamen
711 3525 924 3608 Reiciestebea,
949 3549 980 3592 u.
1002 3551 1032 3593 o.
1059 3527 1110 3612 ,in
1135 3531 1245 3596 decem
1268 3529 1388 3594 marcis
1412 3527 1542 3613 argenti
1565 3527 1702 3612 singulis
1726 3527 1821 3595 annis
1844 3532 1885 3593 de
1907 3527 1978 3594 iure
1994 3526 2079 3593 feodi

519 3631 700 3700 castrensis
722 3633 757 3699 in
780 3633 1059 3702 mencuenftrr.
1109 3635 1322 3716 (delatorem,
1347 3642 1438 3702 1317
1461 3637 1590 3704 October
1612 3642 1658 3702 22
1679 3636 1751 3718 (XI.
1773 3636 1838 3702 kal.
1860 3637 1950 3720 nov.)

632 3775 741 3831 'Oedr.:
759 3777 889 3846 doecre,
909 3777 1095 3848 Spiriteps'am,
1113 3781 1185 3848 411,-
1220 3778 1337 3846 Ree'mer,
1357 3777 1400 3846 II,
1421 3782 1473 3833 177
1497 3778 1568 3832 mcb
1592 3777 1651 3832 dem
1672 3777 1718 3833 Or.
1732 3777 1820 3848 Ppmt.
1833 3779 1864 3831 t'rs
1879 3776 2076 3848 Werriperode.
2182 3731 2183 3744 ¹

648 3865 741 3920 Vera.-
761 3866 805 3935 B,
824 3866 891 3938 Rep.
905 3867 987 3936 laed,
1007 3867 1060 3923 No.
1073 3871 1135 3936 281,
1154 3867 1203 3924 der
1222 3868 1345 3936 bmerkt,
1369 3867 1434 3922 dese
1452 3884 1479 3922 ee
1496 3867 1553 3922 eicb
1570 3883 1615 3920 um
1635 3867 1678 3920 eia
1698 3867 1851 3937 Barplebea
1869 3867 1900 3919 irs
1921 3866 2076 3935 Friedberp
2182 3863 2183 3872 ’

699 3956 764 4009 aber
781 3955 856 4010 arbbt
874 3957 905 4009 ia
925 3955 1085 4022 Frouirfisrt
1103 3957 1210 4014 tanda

429 4239 493 4315 80.
521 4248 632 4334 Kdrse'p
655 4249 793 4336 177117υὲ9
824 4259 965 4318 aereaere
993 4253 1063 4318 dem
1085 4253 1218 4320 Ktoster
1247 4254 1303 4319 der
1325 4253 1526 4318 Reueriareere
1554 4257 1589 4317 in
1612 4251 1797 4334 Froabfart
1818 4253 1869 4318 die
1892 4275 1952 4319 vore
1977 4259 2076 4320 scisura

522 4355 704 4438 Vorfobrers
727 4379 780 4423 am
802 4359 901 4424 Reicb
923 4361 1078 4426 erbolterse
1093 4361 1299 4441 Erlaabniss,
1324 4361 1392 4426 oieb
1415 4382 1475 4426 aas
1497 4361 1558 4425 deo
1580 4360 1809 4426 bertacbbortea
1823 4360 2076 4428 Reicbewrildero

518 4468 574 4527 mit
596 4463 779 4531 Breanbole
802 4467 948 4534 carebat
969 4491 1011 4532 aa
1033 4467 1162 4550 diirfcre.
1212 4467 1424 4548 (relatorem,
1451 4472 1540 4534 1317
1563 4467 1693 4535 October
1714 4473 1768 4532 22.

536 4604 733 4674 Ludovvicus
758 4607 810 4674 dei
825 4609 940 4694 gracia
955 4611 1176 4678 Romanorum
1193 4631 1262 4692 rex,
1287 4629 1415 4693 semper
1431 4616 1601 4693 augustus.
1649 4607 1820 4676 Universis
1832 4611 1926 4677 sacri
1943 4612 2076 4678 Romani
2181 4609 2182 4672 ἶ

428 4709 555 4793 imperii
585 4713 736 4781 fidelibus
767 4717 968 4803 preslsentes
997 4717 1112 4786 literas
1142 4717 1341 4802 inspecturis
1372 4716 1518 4801 graciam
1549 4735 1642 4783 snam
1666 4723 1699 4782 et
1723 4719 1969 4788 omnebonum.
2012 4728 2076 4794 Quis

428 4831 490 4880 tnta
515 4825 573 4882 illic
597 4827 728 4885 beneficia
752 4830 929 4900 collocantur,
949 4831 996 4887 ubi
1021 4849 1038 4888 e
1063 4833 1159 4888 datore
1185 4832 1329 4899 omltninm
1353 4831 1509 4903 graciarum
1534 4839 1696 4900 expectatur
1722 4833 1811 4888 eterni
1836 4833 1900 4889 boni
1925 4833 2076 4890 infallibilis

428 4947 610 5004 recompensa,
630 4953 679 4992 nos
698 4937 773 4992 tanti
790 4940 878 5008 petris
896 4937 1062 4996 ineffabilem
1081 4939 1233 4996 bonitatem
1252 4939 1397 5010 benignius
1416 4939 1564 5008 intuentes,
1585 4939 1693 4995 dilectis
1706 4941 1735 4996 in
1748 4939 1857 4996 Christo
1871 4983 1877 4997 .
1892 4941 2039 5010 priorisse
2051 4949 2075 4998 et

428 5043 576 5098 conventui
590 5043 839 5102 sanctimonialium
851 5046 880 5102 in
893 5046 1123 5116 Frencheniord‚⁸
1145 5049 1249 5103 ordinis
1263 5049 1448 5114 Ponitentum,
1461 5062 1529 5115 quas
1541 5055 1653 5115 propter
1667 5047 1760 5102 celibis
1773 5049 1831 5103 vite
1843 5063 1891 5104 aue
1903 5048 2075 5121 nomenoium

429 5147 537 5203 interno
563 5147 663 5206 edoctu
688 5155 883 5223 prosequimur,
903 5155 1010 5210 intuitu
1033 5155 1227 5212 retribucionis
1253 5164 1348 5212 eterne
1366 5155 1437 5210 hano
1455 5157 1575 5225 graciam
1606 5151 1648 5218 ad
1675 5146 1783 5214 instar
1812 5152 2075 5231 predecessorum

430 5254 614 5316 nostrorum
638 5254 878 5336 quamplurium
901 5255 1123 5323 Romanorum
1146 5274 1259 5340 regum
1287 5263 1413 5318 dommus
1443 5261 1602 5330 fatendam,
1628 5262 1699 5330 quod
1727 5262 1759 5318 do
1787 5263 1891 5319 nostris
1918 5269 1948 5320 et
1975 5265 2076 5334 imperit
2180 5283 2181 5314 ³

428 5363 585 5420 nemoribus
610 5365 663 5421 sibi
688 5368 785 5425 vicinis
803 5369 881 5440 ligna
898 5370 965 5440 ipsis
983 5372 1139 5426 necessaria
1157 5369 1217 5426 sine
1236 5371 1455 5425 contradiccione
1473 5369 1620 5425 cuiuslibet
1637 5373 1757 5439 recipere
1775 5372 1883 5440 possint
1902 5377 1931 5426 et
1949 5371 2075 5426 deducere

428 5471 486 5525 suis
510 5473 671 5530 cottidianis
696 5475 808 5546 ignibus
834 5477 1011 5547 applicanda,
1037 5479 1172 5534 universis
1198 5477 1352 5542 forestariis
1370 5493 1509 5532 nemorum
1528 5479 1711 5546 predictorum
1730 5478 1846 5534 firmiter
1864 5477 2028 5548 inhibentes,
2047 5495 2075 5533 ue

428 5577 565 5645 predictas
578 5581 800 5638 sanctimoniales
813 5591 863 5638 ant
871 5599 966 5640 esrum
975 5586 1090 5640 nuncios
1100 5586 1128 5639 in
1138 5584 1293 5640 huiusmodi
1304 5585 1449 5642 ednocione
1458 5585 1596 5656 lignorum
1606 5586 1757 5654 impedient
1766 5593 1816 5641 aut
1826 5585 1953 5654 sliquidb
1967 5588 2075 5657 exigant
2180 5591 2181 5620 ³

429 5682 463 5738 ab
491 5683 599 5742 eudem.
643 5681 683 5748 In
700 5681 791 5750 cuius
808 5683 857 5751 rei
872 5683 1093 5753 testimonium
1109 5691 1280 5766 presentes
1296 5684 1411 5752 literas
1438 5691 1570 5748 asserti
1590 5699 1618 5748 et
1641 5685 1746 5770 sigillo
1764 5685 1952 5752 maiestatis
1968 5693 2074 5752 nostre

695 5825 720 5874 a)
735 5822 793 5865 1191
808 5821 1012 5874 „Fraukeurord·.
1042 5828 1065 5876 b)
1080 5826 1139 5869 1291
1154 5825 1285 5880 ,aequore
