4414 6402
1093 301 1162 354 1318
1181 301 1293 369 August
1312 300 1353 354 ie.

664 513 781 567 mamper
799 515 852 552 aon
871 501 941 552 1352
958 497 1128 552 Jonaarac.
1165 494 1395 560 Ritckuufschrist
1409 498 1464 561 (15.
1476 495 1605 562 Jatrbp:
1626 493 1794 563 ,besagende
1814 491 1930 562 tndem,
1947 499 2050 562 apuam

665 586 765 642 Hand:
792 587 863 656 „und
880 587 918 641 ist
937 587 1095 656 gcandart.“
1142 583 1228 640 StA.
1243 585 1294 639 Fr.
1309 584 1502 640 Rutlrssuchem
1541 583 1729 654 (siphara.
1747 583 1792 649 U.)

615 677 715 732 Gella:
741 678 868 746 Lersncr,
894 677 959 745 110,
978 680 1047 743 303,·
1075 675 1152 741 Orth,
1171 675 1382 745 Arrmerlranpen
1400 690 1451 728 aur
1471 673 1661 738 Fruatsurtcr
1680 672 1881 738 Reformatioa,
1901 672 1919 724 1
1925 671 1955 724 V.
1970 671 2050 724 Fort-

666 773 786 835 satauaq,
807 769 859 820 956
865 786 875 834 ,·
893 767 939 834 B.,
958 771 1011 821 443
1029 767 1100 820 nach
1117 765 1177 818 dau
1197 763 1243 820 Or.
1265 805 1270 815 .
1391 799 1393 804 ·

617 855 692 911 Vera.
713 857 783 911 nach
801 856 944 922 Abscbra't't
962 856 1000 909 ιἰιι
1018 855 1184 910 stddtischcn
1201 853 1386 923 Kopialbuch‚
1405 852 1449 921 II,
1468 856 1520 907 93.-
1538 853 1590 906 Fr.
1603 852 1673 918 Ina,
1693 851 1755 918 III,
1775 854 1835 906 147.

399 1194 491 1271 109.
516 1203 590 1270 Das
613 1207 658 1271 St.
674 1205 1032 1286 Bartholomaeus-Stift
1056 1205 1233 1269 bcschliesst
1256 1206 1307 1268 ein
1322 1201 1426 1267 Siotrrt
1448 1203 1524 1266 liber
1547 1202 1607 1266 deo
1622 1200 1737 1266 Discat
1760 1205 1803 1264 im
1820 1199 1905 1266 Ghor
1924 1201 2052 1266 arcadia

517 1311 723 1398 Reihcnfolpe
746 1313 802 1377 der
825 1311 964 1377 Messon.
1013 1316 1101 1376 1318
1123 1310 1252 1395 August
1276 1315 1328 1374 18.

507 1453 547 1518 ln
570 1453 698 1519 nomine
722 1453 853 1536 domini,
879 1474 982 1519 amen.
1031 1454 1098 1518 Nos
1113 1452 1280 1518 Henricus
1303 1454 1458 1533 decanus
1482 1451 1652 1518 lohannes
1669 1450 1872 1532 scolasticus,
1897 1450 2053 1534 magister

401 1560 622 1643 Reynhardus
639 1561 666 1647 ll
685 1567 810 1643 cantor,
836 1567 1005 1642 totumque
1029 1559 1209 1642 capitulum
1233 1557 1369 1625 ecclesie
1392 1557 1501 1624 sancti
1519 1557 1741 1624 Bartholomei
1756 1557 2053 1624 Frankenvorden·

401 1666 457 1748 sis,
484 1670 525 1733 ad
550 1667 777 1735 universorum
794 1666 917 1734 Christi
939 1667 1090 1748 fidelium,
1116 1675 1184 1733 tarn
1208 1665 1408 1749 presentium
1425 1667 1463 1752 ll,
1488 1685 1584 1748 quam
1609 1665 1708 1732 etiam
1728 1665 1923 1746 luturorum,
1941 1671 2052 1732 tenore

400 1773 602 1854 presentium
632 1775 812 1842 litterarum
844 1774 992 1858 cupimus
1023 1775 1195 1858 pervenire
1225 1774 1390 1855 noticiam,
1423 1777 1518 1856 quod,
1551 1792 1623 1839 cum
1654 1779 1790 1855 propter
1820 1772 2052 1856 negligentiam

400 1884 602 1960 quorundam
632 1881 835 1963 prelatorum
851 1884 877 1970 lt
895 1882 1031 1949 ecclesie
1062 1873 1184 1964 nostre,
1210 1902 1335 1948 necnon
1366 1881 1509 1947 subitam
1540 1887 1573 1946 et
1603 1879 1814 1962 multiplicem
1837 1881 2054 1946 mutationem

400 1989 597 2054 decanorum
640 1988 673 2054 in
717 1992 830 2056 eadem
874 1995 990 2056 nostra
1033 1989 1195 2056 ecelesia·
1241 1989 1418 2055 retroactis
1457 1986 1658 2069 temporibus
1697 1987 1893 2070 aliquotiens
1932 1985 2053 2053 laetam

401 2093 608 2176 disciplinam
644 2097 808 2164 choralem
841 2096 978 2180 periisse
1012 2104 1045 2163 et
1077 2095 1329 2163 consuetudines
1362 2097 1519 2162 honestas
1551 2095 1641 2161 circa
1673 2095 1818 2163 divinum
1851 2093 1987 2161 officium
2020 2094 2054 2159 in
2124 2106 2128 2114 ·

400 2199 534 2282 prelata
556 2209 673 2270 nostra
697 2203 837 2270 ecclesia
852 2205 1012 2271 hactenus
1029 2205 1224 2270 observatas
1241 2222 1305 2269 non
1322 2204 1446 2282 absque
1462 2201 1559 2285 gravi
1575 2202 1731 2268 scandalo
1748 2209 1781 2268 et
1797 2201 1901 2284 ipsius
1917 2201 2054 2268 ecclesie

402 2307 576 2389 preiuditio
612 2329 671 2392 per
706 2311 952 2377 desuetudinem
982 2310 1124 2377 abolitas
1155 2308 1417 2376 consideratione
1448 2308 1590 2376 sollicita
1621 2309 1821 2390 videremuS,
1854 2309 1990 2392 dignum
2021 2317 2052 2373 et

401 2413 523 2481 rationi
553 2435 730 2483 consonum
755 2437 826 2484 esse
851 2417 1063 2499 decrevimus,
1089 2421 1174 2498 quod
1197 2416 1231 2482 in
1254 2418 1317 2483 bac
1341 2423 1437 2498 parte
1461 2417 1614 2499 supplere
1638 2416 1790 2500 neglecta
1813 2421 1847 2482 et
1869 2414 2053 2481 deformata

400 2521 595 2605 huiusmodi,
619 2523 653 2589 in
677 2530 835 2605 quantum
859 2524 953 2590 nobis
977 2531 1065 2591 esset
1089 2523 1253 2607 possibile,
1279 2544 1338 2606 pro
1361 2523 1466 2605 ipsius
1491 2523 1627 2591 ecclesie
1650 2525 1735 2590 bono
1759 2529 1850 2589 statu
1874 2521 2053 2589 reformare

399 2627 434 2694 iu
457 2628 572 2696 nebus
596 2631 797 2700 deberemus.
845 2633 1055 2716 Quapropter
1078 2631 1218 2714 provida
1240 2631 1477 2698 deliberatione
1501 2631 1686 2714 prehabito,
1712 2629 1871 2696 communi
1895 2649 2054 2696 consensu

401 2741 434 2800 et
457 2736 630 2803 voluntate
654 2737 817 2820 concordi,
841 2736 1048 2805 laudabilesb
1073 2738 1210 2804 ecclesie
1233 2745 1346 2804 nostre
1362 2738 1616 2804 consuetudines
1633 2741 1822 2805 renovando
1839 2735 2054 2802 ordinandum

400 2841 550 2909 dommus
574 2863 613 2909 ao
637 2844 737 2910 etiam
763 2847 989 2911 statuendum:
1025 2847 1055 2929 l)
1073 2848 1158 2926 quod
1180 2851 1250 2912 tam
1272 2845 1432 2927 canonici,
1458 2863 1555 2926 quam
1571 2844 1698 2924 vicarii,
1724 2863 1781 2910 seu
1798 2843 1900 2909 socii⁰
1919 2843 2054 2908 ecclesie

400 2955 513 3015 nostre
537 2949 683 3030 predicte
704 2953 836 3018 chorum
854 2957 887 3017 et
903 2951 1073 3018 ecclesiam
1091 2950 1303 3032 frequentare
1320 2958 1353 3018 et
1368 2951 1489 3018 ibidem
1505 2952 1666 3018 interesse
1682 2953 1812 3030 debent,
1836 2957 1874 3016 ut
1890 2955 2053 3030 tenentur,

401 3056 549 3122 omuibus
580 3057 669 3124 horis
700 3057 867 3126 canonicis
891 3065 924 3124 ct
949 3059 1069 3124 ceteris
1094 3059 1213 3126 divinis
1237 3058 1349 3126 officiis
1372 3057 1454 3125 inibi
1478 3058 1598 3125 debitis
1623 3057 1824 3142 temporibus
1848 3057 2053 3140 peragendis.

401 3161 435 3248 2)
458 3163 498 3228 ln
529 3164 793 3245 processionibus
824 3166 922 3232 etiarn
952 3166 986 3231 in
1017 3166 1116 3232 choro
1146 3165 1354 3248 disciplinate
1386 3167 1565 3248 procedent
1596 3173 1630 3231 et
1653 3185 1674 3231 a
1696 3165 1826 3244 risibus,
1850 3164 1931 3231 iocis
1957 3171 2055 3246 atque

402 3267 724 3338 confabulationibus
751 3271 979 3338 indecentibus
1002 3271 1225 3354 abstinebunt,
1251 3272 1284 3338 in
1307 3271 1459 3356 ingressu
1483 3291 1561 3338 vero
1586 3271 1676 3338 chori
1701 3291 1758 3338 seu
1782 3290 1917 3355 egressu
1941 3271 2054 3352 ipsius,

402 3375 454 3440 vel
478 3396 549 3442 curn
570 3377 705 3460 ,Gloria
729 3379 819 3462 patri
836 3385 869 3444 et
885 3378 970 3445 filio“
991 3385 1050 3445 aut
1065 3379 1238 3460 quicquam
1255 3380 1346 3445 aliud
1363 3382 1404 3445 ad
1421 3380 1576 3445 honorem
1593 3378 1645 3445 dei
1662 3379 1830 3460 pertinens
1846 3381 2053 3449 decantatur.

401 3481 631 3550 inclinationes
663 3504 733 3551 cum
766 3485 930 3568 capitibus
961 3505 1077 3553 versus
1102 3486 1208 3552 altare
1232 3485 1356 3553 lacient
1380 3492 1581 3568 reverenter,
1607 3505 1667 3552 nec
1691 3485 1861 3566 quisquam
1885 3486 1976 3552 solus
2000 3491 2056 3550 aut

402 3607 475 3654 cum
499 3591 572 3658 aliis
595 3592 736 3674 interim,
761 3597 890 3674 quando
914 3593 948 3658 in
968 3595 1066 3660 choro
1084 3593 1296 3660 communiter
1312 3593 1545 3674 qualecumque
1562 3593 1705 3659 divinum
1723 3593 1857 3658 offitium
1874 3593 2054 3676 peragitur,

402 3696 500 3764 horas
531 3699 720 3780 canonicas,
745 3700 799 3767 vel
828 3700 1000 3782 quicquam
1032 3699 1120 3766 aliud
1144 3700 1253 3767 dicere
1276 3701 1330 3768 vel
1353 3719 1449 3766 orare
1473 3707 1673 3783 presumant,
1699 3703 1756 3766 sed
1781 3699 1875 3766 simul
1899 3699 1935 3764 in
1959 3719 2055 3766 unum

402 3810 539 3872 cantare
570 3813 604 3872 ct
634 3806 743 3890 legere
773 3806 929 3873 distinete
961 3814 994 3873 et
1026 3807 1194 3890 sapienter
1225 3807 1365 3890 psallere
1396 3807 1525 3873 domiuo
1557 3809 1714 3873 studeant
1744 3805 1899 3880 universi,
1925 3827 1967 3872 ne
2000 3826 2056 3890 per

402 3909 616 3994 singularium
651 3933 865 3994 personarum
901 3913 1061 3997 speciales
1097 3914 1263 3981 orationes
1299 3913 1477 3980 communis
1513 3913 1618 3980 oratio
1654 3919 1688 3979 et
1718 3915 1894 3996 proborum
1924 3912 2055 3980 devotio

402 4021 623 4100 perturbetur.
671 4021 706 4106 3)
730 4021 845 4088 Nullus
875 4022 975 4088 etiarn
1006 4021 1193 4103 canonieus,
1218 4021 1362 4090 vicarius
1393 4041 1450 4087 seu
1482 4021 1696 4088 beneficiatus
1719 4021 1752 4086 in
1777 4021 1918 4087 ecclesia
1941 4028 2056 4088 nostra

402 4125 586 4208 sepedicta,
618 4134 791 4208 postquam
822 4128 927 4194 tercia
958 4147 1119 4211 campana
1150 4130 1190 4194 ad
1223 4127 1403 4194 matutinas
1433 4127 1551 4194 relicta
1580 4127 1697 4208 luerit,
1729 4147 1832 4210 usque
1863 4131 1939 4194 dum
1970 4149 2055 4195 nona

402 4239 477 4315 post
507 4251 669 4302 summam
694 4233 826 4301 missam
857 4235 947 4300 dicta
970 4233 1083 4317 luerit,
1109 4243 1142 4301 et
1167 4242 1242 4318 post
1266 4238 1401 4301 eandem
1426 4254 1618 4318 campanam
1643 4239 1683 4301 ad
1708 4255 1866 4317 vesperas
1891 4236 2055 4317 pulsatam

402 4345 436 4406 et
465 4340 624 4421 relictam,
649 4359 751 4421 usque
782 4344 858 4408 dum
889 4341 1136 4424 completorium
1166 4343 1289 4408 dictum
1320 4340 1421 4407 luerit
1452 4348 1485 4407 et
1516 4349 1685 4408 cantatum
1716 4343 1749 4409 in
1781 4345 1889 4424 choro,
1915 4343 2055 4410 ecclesia

403 4453 517 4513 nostra
548 4447 602 4514 vel
631 4448 754 4514 ambitu
784 4447 889 4530 ipsius
920 4449 1057 4515 ecclesie
1089 4451 1212 4530 absque
1243 4448 1412 4532 religionis
1442 4448 1557 4514 habitu
1588 4453 1709 4515 audeat
1740 4469 1929 4532 conparere,
1956 4458 1990 4517 et
2020 4459 2055 4516 ut

403 4553 537 4620 cuilibet
560 4557 663 4622 honor
687 4555 816 4622 debitus
840 4558 1045 4628 observetur.
1071 4555 1257 4634 statuimus,
1283 4559 1367 4636 quod
1392 4575 1450 4638 per
1473 4555 1618 4622 iuniores
1642 4557 1825 4623 senioribus
1849 4564 1882 4623 et
1907 4577 1966 4640 per
1982 4557 2056 4624 sim-

403 4660 504 4742 plices
539 4663 676 4745 prelatis
710 4664 897 4731 reverentia
932 4663 1044 4729 debita
1077 4663 1111 4729 in
1147 4666 1348 4746 assurgendo
1379 4671 1413 4729 et
1443 4663 1476 4730 in
1509 4661 1626 4730 aliisde
1656 4664 1804 4730 omnibus
1833 4661 2057 4747 inpendatur.s

402 4769 624 4855 4)1nsuper⁸
647 4779 684 4836 ut
707 4771 825 4838 vicarii
848 4771 984 4837 ecclesie
1008 4777 1120 4837 nostre
1145 4789 1256 4836 omnes
1279 4777 1313 4836 et
1336 4769 1457 4854 singuli
1481 4771 1589 4837 sciant
1605 4777 1637 4838 et
1655 4771 1739 4838 scire
1756 4771 1900 4853 valeant,
1925 4777 2055 4854 quando

403 4883 437 4944 et
472 4878 589 4959 quibus
624 4878 713 4945 horis
748 4878 818 4946 sive
849 4879 1050 4961 temporibus
1081 4877 1190 4944 dicere
1222 4878 1351 4960 possint
1381 4883 1414 4943 et
1445 4878 1612 4944 celebrare
1644 4879 1785 4944 debeant
1818 4898 1895 4945 suas
1925 4879 2053 4947 missas.

403 4984 582 5051 ordinando
613 4985 763 5053 duximus
793 4989 1014 5069 statuendum,
1040 4988 1125 5066 quod
1151 5037 1155 5048 .
1177 5039 1182 5052 .
1208 4985 1333 5068 vicarii,
1359 4985 1415 5066 qui
1446 4985 1479 5051 in
1511 4985 1686 5066 parrochia
1716 4993 1749 5051 et
1774 4985 1923 5068 cappella
1948 4987 2056 5053 saneti

308 5107 310 5114 ’
403 5092 586 5178 Mychaelis
610 5100 685 5176 post
708 5092 888 5159 matutinas
912 5093 1099 5160 immediate
1123 5100 1158 5159 et
1181 5101 1259 5159 ante
1282 5093 1420 5176 primam
1443 5093 1600 5160 missam.
1621 5093 1777 5174 ‚plebani
1802 5112 1858 5158 sen
1883 5094 2054 5176 parrochie

402 5201 520 5267 missas
550 5200 658 5267 dicere
689 5207 765 5266 sunt
796 5201 937 5282 astricti,
963 5201 1048 5282 quod
1079 5201 1153 5266 illas
1184 5199 1298 5268 dicant
1328 5207 1362 5267 et
1393 5201 1559 5266 celebrent
1590 5197 1680 5265 infra
1710 5199 1832 5265 dictum
1862 5205 1992 5282 tempus
2024 5208 2055 5267 et

403 5310 527 5388 horam,
552 5311 729 5374 secundum
754 5311 837 5389 quod
863 5327 974 5375 eorum
998 5308 1132 5374 cuilibet
1156 5318 1206 5374 est
1229 5308 1420 5374 iniunctum.
1461 5309 1693 5372 Verumtamen
1718 5306 1875 5388 nolumus,
1902 5311 1988 5389 quod
2012 5307 2055 5374 hii

385 5435 514 5510 omnes
545 5435 621 5482 suas
652 5415 770 5482 missas
801 5414 950 5481 similiter
981 5415 1156 5495 celebrent,
1183 5417 1239 5480 sed
1267 5414 1413 5482 vicissim
1437 5420 1505 5480 tam
1529 5413 1562 5478 in
1587 5413 1770 5495 parrochia,
1796 5433 1893 5494 quam
1917 5415 2053 5496 capella.

669 5619 694 5650 a»
709 5608 760 5650 Eira
774 5609 868 5653 streties
883 5611 993 5654 ,ιιοιιτιιἸ
1008 5608 1152 5660 perer-abae.
1181 5609 1204 5660 b)
1218 5597 1280 5650 Uber
1294 5608 1338 5651 der
1349 5607 1415 5650 Zeila
1431 5621 1474 5650 ron
1488 5607 1594 5650 andero·
1603 5607 1682 5650 lianc
1695 5606 1825 5650 rer-besam
1836 5606 2056 5660 scirpeatrtchenes

618 5680 772 5733 ,qrredlctus⁸.
800 5683 889 5730 cl„eeu
904 5681 1039 5722 socii-crte
1054 5679 1091 5721 bei
1105 5679 1323 5732 rpraebpetrapeu.
1352 5679 1366 5721 ιΙ
1391 5679 1548 5730 „tu-alhs*
1564 5677 2057 5722 istribrrdrrZetleronandererfluud

616 5751 801 5805 reachqetrnqen.
830 5761 851 5798 cr
867 5751 920 5803 „iu“
932 5751 1077 5806 pestrtchen.
1106 5750 1125 5802 l)
1141 5750 1284 5794 ArreRoudr
1298 5751 1375 5794 steht:
1390 5760 1411 5794 a.
1441 5750 1614 5806 glVrrbrssert
1627 5750 1686 5793 ather
1701 5750 1744 5792 der
1754 5748 2057 5804 Zeilefrtrgestn'cbeues

616 5825 757 5878 „aeteruum
