4414 6402
405 304 469 369 136
994 299 1058 354 1321
1081 299 1141 354 dull
1159 299 1195 354 26
1213 327 1246 338 —
1267 299 1336 354 1321
1356 295 1414 354 Jnli
1432 299 1475 352 et.

401 488 492 564 175.
518 492 711 564 Schultbcico
732 495 853 563 Volrud
876 497 942 562 unu
964 497 1015 561 dte
1037 496 1183 578 Scbb'ffen
1206 517 1266 561 oco
1281 493 1466 575 Frankfcot
1489 493 1699 574 tartonam,
1723 495 1801 560 duee
1816 493 1966 560 Albrecbt
1987 513 2057 558 aton
2183 479 2184 490 ¹

517 603 689 688 Esslc'npcr
711 604 761 668 die
784 603 848 668 ibm
872 602 973 667 durch
999 602 1260 668 Gaicmoonteil
1282 602 1473 667 :arconate
1495 601 1680 686 Beaeeroay
1703 603 1759 666 des
1777 599 1908 666 Hurcsca
1922 601 2057 666 ›Stoicar-

518 710 592 793 dcrq
617 713 651 772 irc
672 709 728 774 der
745 708 933 793 Fabrqassc
948 729 992 773 cn
1007 707 1181 774 Heilmcon
1196 709 1308 774 Stocor
1324 709 1390 772 uod
1406 705 1500 772 Fran
1517 707 1663 790 amicust
1678 707 1766 772 tabe.
1815 706 2056 812 1321111126.
2183 801 2184 806 γ

507 849 580 915 Wir
598 849 713 916 Volrat
745 849 842 916 ritter
867 905 873 916 .
894 901 900 916 .
924 849 1126 916 schultheize
1151 852 1234 914 unde
1258 849 1309 915 die
1336 901 1366 912 ..
1394 848 1536 915 schellen
1560 847 1600 915 ab
1622 849 1863 917 Frankenvord
1888 849 2058 914 bekennsn

400 953 575 1021 uffenliche
592 959 619 1041 ll
637 976 680 1022 an
711 955 832 1022 diesem
862 955 974 1022 brieve
998 955 1084 1022 allen
1109 957 1182 1036 den,
1207 953 1259 1020 die
1282 954 1315 1019 in
1340 955 1421 1020 sebn
1445 957 1521 1022 ader
1544 957 1664 1022 horent
1685 953 1787 1036 lesen,
1813 956 1875 1020 daz
1899 954 2059 1020 Albraclrt

401 1058 473 1127 ztnn
489 1059 723 1147 Essetllinger,
749 1081 829 1128 unse
853 1065 985 1146 burger.
1011 1078 1070 1127 vor
1093 1079 1156 1127 uns
1180 1077 1277 1142 quam
1301 1079 1344 1126 an
1369 1060 1496 1144 geribte
1520 1065 1605 1128 unde
1620 1060 1722 1128 cleide
1736 1059 1775 1126 ut
1791 1059 1843 1126 die
1858 1061 2058 1142 bessemnge

401 1169 460 1232 dez
496 1166 627 1254 hutjsis,
664 1171 726 1234 daz
762 1169 805 1233 da
839 1166 948 1234 heizet
981 1168 1213 1250 Stoltzenberg
1246 1165 1280 1232 in
1315 1169 1373 1232 der
1401 1165 1603 1250 Vargaszen,
1640 1165 1674 1232 bi
1703 1165 1858 1235 Heilman
1889 1166 2057 1247 Stocaren,

400 1293 506 1340 umme
539 1273 625 1358 gelt,
663 1275 725 1340 daz
758 1276 799 1340 be
830 1275 930 1340 Peter
962 1273 1172 1354 Darendere,
1210 1273 1292 1340 sime
1324 1291 1490 1356 satagere,
1527 1277 1614 1338 unde
1647 1273 1737 1339 siner
1769 1271 1898 1338 elicben
1929 1271 2057 1352 wirten,

401 1383 460 1446 der
475 1380 675 1448 Boxhornen
689 1383 845 1470 ,docbten
869 1381 963 1448 hatte
988 1377 1087 1446 darni
1102 1380 1253 1464 geluben,
1279 1382 1338 1446 dez
1362 1399 1474 1466 erwaJr
1497 1381 1538 1446 he
1561 1378 1620 1446 mit
1636 1383 1709 1446 dem
1724 1377 1844 1446 urteile
1860 1399 1903 1445 an
1920 1379 2057 1463 gerihte,

401 1489 463 1552 daz
493 1488 534 1552 he
567 1487 636 1553 sich
668 1507 710 1554 an
742 1489 803 1553 daz
834 1489 895 1554 hus
919 1489 1028 1554 mobte
1051 1487 1171 1553 halden
1194 1487 1261 1552 und
1283 1485 1312 1552 is
1336 1483 1511 1554 virkonfen
1535 1489 1612 1552 ader
1635 1485 1812 1568 virsetzen,
1835 1489 1898 1552 daz
1922 1484 1986 1552 ime
2008 1483 2058 1550 sin

401 1594 510 1659 schult
540 1597 651 1661 worde
681 1593 862 1678 virgolden.
911 1595 980 1660 Dez
1004 1590 1196 1660 virkoufte⁸
1220 1594 1260 1659 lte
1284 1593 1336 1659 die
1358 1595 1560 1678 bessorunge
1584 1591 1667 1660 deab
1690 1599 1941 1677 vorgenanten⁰
1965 1589 2058 1658 bnsis

403 1699 556 1765 Heilman
580 1699 739 1768 Stocaren
763 1703 830 1766 unct
853 1701 1031 1782 Petrissen,
1056 1699 1145 1766 siner
1168 1699 1295 1766 elichen
1318 1699 1448 1781 wirten,
1472 1702 1540 1766 und
1562 1700 1634 1767 iren
1658 1703 1748 1782 erbn,
1773 1719 1879 1768 unson
1902 1700 2057 1782 burgeto,

404 1824 509 1872 ummo
540 1806 791 1890 drouuntdrizig
821 1807 925 1888 phunt
954 1807 1059 1873 heller
1089 1823 1214 1889 genger
1237 1807 1304 1872 und
1327 1808 1437 1890 geber.
1485 1807 1578 1874 Ouch
1601 1808 1741 1874 erkante
1764 1805 1835 1873 sich
1857 1805 1917 1872 der
1940 1823 2058 1888 vorge

402 1919 503 1978 nante
526 1913 680 1994 Albraht,
706 1916 767 1979 daz
796 1912 859 1979 ime
883 1915 945 1978 daz
969 1912 1039 1997 golt
1060 1912 1254 1980 vollenclicb
1278 1932 1365 1978 were
1388 1914 1499 1980 becalt
1522 1917 1588 1980 und
1611 1919 1739 1997 gewert
1760 1915 1827 1979 und
1850 1913 1944 1979 batte
1966 1912 2008 1978 he
2030 1911 2058 1977 is

401 2017 435 2084 in
459 2019 553 2085 sinen
576 2018 653 2086 ntitz
678 2039 806 2103 gewan.
855 2018 904 2086 Zir
926 2020 1075 2086 orkunde
1098 2019 1187 2085 dirre
1211 2019 1318 2104 dinge,
1344 2038 1380 2086 so
1403 2020 1469 2086 han
1494 2019 1555 2086 wir
1579 2031 1678 2086 unser
1701 2022 1794 2086 stede
1810 2039 1890 2102 gron
1904 2016 2059 2101 ingesigil

402 2145 445 2190 on
469 2126 581 2191 diesen
604 2123 691 2192 brief
713 2128 895 2210 gehangen.
942 2127 1019 2193 Und
1043 2133 1128 2192 wart
1152 2127 1280 2210 gegebn
1304 2127 1388 2192 noch
1411 2132 1489 2210 gotz
1512 2127 1943 2210 gebnrtdroueenlrundert
1959 2123 2010 2190 iar
2025 2122 2058 2189 in
2183 2117 2184 2120 ’

402 2235 474 2298 dem
498 2230 847 2318 einuntzwenzigisten
870 2234 949 2314 iare,
975 2253 1018 2300 an
1042 2235 1114 2299 dem
1139 2236 1264 2299 andern
1288 2235 1372 2316 dage
1396 2233 1481 2299 noch
1504 2240 1601 2299 sante
1623 2231 1744 2299 Jacobi
1767 2235 1861 2316 dage.

618 2373 664 2428 Or.
678 2373 766 2444 Ppmt.
803 2374 1043 2445 Siepeteiosotoitt.
1079 2375 1119 2430 Sc.
1132 2377 1167 2430 A.
1183 2374 1234 2428 Fr.
1247 2373 1481 2441 Idcbt'raacostilt
1500 2373 1553 2430 No.
1567 2377 1628 2428 389.
1696 2397 1697 2406 ι

403 2668 493 2743 176.
520 2675 589 2741 Der
612 2678 791 2744 Scbolcstcr
813 2699 871 2742 con
895 2679 940 2744 St.
959 2677 1206 2763 Murtcopreden
1228 2701 1269 2742 co
1286 2677 1401 2743 Maias
1425 2679 1615 2744 beurtundct
1638 2679 1688 2742 cle
1711 2699 1780 2742 com
1796 2677 1946 2742 Moincer
1961 2676 2059 2741 Dom-

520 2783 635 2865 caperet
652 2785 801 2850 bcstclltcr
816 2785 946 2850 Richter
960 2789 1027 2850 circe
1043 2807 1112 2850 vom
1129 2785 1325 2850 Protarctor
1340 2785 1395 2850 des
1411 2784 1444 2848 F
1443 2785 1630 2867 roobsurter
1646 2786 1691 2850 St.
1705 2784 2059 2866 Bartholomaeus-etism
2183 2859 2184 2866 ,

520 2892 721 2974 cinpcrcc'cbtc
737 2891 998 2975 Anklupcoctrift
1019 2913 1118 2976 pepen
1140 2893 1201 2957 das
1217 2893 1261 2958 St.
1280 2891 1521 2974 Leonburdstift
1543 2891 1610 2956 aad
1633 2891 1684 2956 dic
1707 2913 1775 2956 vom
1793 2891 1990 2956 Proturctor
2004 2892 2060 2956 ces
2183 2973 2184 2976 Ἴ

519 2997 661 3061 lctatercn
684 2996 795 3079 Stiftcs
818 2999 944 3079 darauf
964 3001 1137 3083 pcycbcncn
1159 2998 1352 3064 Aatwortcn.
1401 3003 1487 3062 1321
1511 2998 1585 3063 Joti
1607 3003 1660 3063 31.
2183 3001 2184 3006 ’

512 3190 544 3203 ..
570 3138 770 3204 scolasticus
794 3139 931 3205 ecclesie
956 3147 1071 3206 sancte
1086 3139 1191 3206 Marie
1216 3142 1256 3206 ad
1276 3141 1417 3220 Gradus,
1442 3138 1539 3206 iudex
1564 3143 1606 3206 ad
1629 3138 1846 3222 infrascripta
1862 3141 1904 3205 ab
1920 3139 2060 3206 honora·

404 3244 525 3310 bilibus
548 3244 629 3310 viris
653 3245 792 3310 dominis
818 3299 850 3315 ..
876 3255 1012 3312 cantore
1037 3253 1071 3311 et
1096 3300 1128 3314 ..
1154 3245 1298 3330 capitulo
1322 3245 1459 3313 ecclesie
1476 3245 1503 3332 1)
1520 3245 1719 3329 Moguntine
1745 3249 1823 3312 sede
1846 3253 1881 3312 et
1896 3247 2059 3312 decanatu

404 3351 613 3430 vacantibus,
640 3351 830 3435 specialiter
853 3355 1041 3435 deputatus.
1090 3353 1212 3418 Datum
1236 3372 1295 3435 per
1319 3352 1455 3436 copiam.
1503 3352 1601 3419 Ponit
1625 3372 1683 3435 per
1706 3371 1801 3418 suum
1818 3357 2060 3418 sacramentnm
2183 3397 2184 3442 3

404 3464 438 3523 et
461 3460 601 3540 probare
624 3457 766 3525 intendit
782 3463 809 3544 st
829 3512 834 3524 .
855 3512 860 3525 .
880 3469 1076 3541 procurator
1101 3511 1132 3527 ..
1157 3457 1274 3526 decani
1290 3467 1325 3525 et
1349 3511 1381 3524 ..
1408 3458 1544 3542 capituli
1561 3458 1697 3525 ecclesie
1713 3459 1821 3525 sanc-ti
1836 3457 2060 3525 Bartholomei

404 3565 720 3646 Frankcnfordeosts
755 3566 884 3632 nomine
915 3565 1142 3649 procuratorio
1173 3565 1320 3647 ipsorum
1350 3571 1384 3632 et
1414 3563 1551 3632 ecclesie
1582 3583 1640 3632 sue
1670 3565 1735 3632 iam
1766 3565 1853 3631 dicte
1885 3572 2000 3632 contra
2025 3615 2058 3630 ..

404 3673 593 3754 docelinum
624 3679 658 3737 et
688 3671 867 3754 capitulum
898 3673 1034 3739 ecclesie
1058 3679 1173 3740 sancte
1196 3673 1302 3740 Maris
1327 3693 1366 3738 ac
1389 3673 1480 3738 beati
1503 3673 1639 3757 Georgii
1662 3673 1794 3755 ibidem,
1822 3674 1854 3760 1)
1878 3676 1963 3754 quod
1986 3673 2060 3755 ipsa

405 3777 545 3843 ecclesia
568 3778 677 3844 sancti
691 3779 915 3846 Bartholomei
939 3787 989 3846 est
1013 3784 1138 3861 dotata,
1164 3777 1305 3846 lundata
1321 3787 1354 3846 et
1371 3787 1562 3846 constructa
1578 3801 1637 3863 per
1653 3777 1728 3846 olim
1745 3779 1890 3862 piissime
1906 3781 2059 3846 memorie

404 3883 620 3966 imperatores
653 3890 686 3950 et
716 3905 811 3969 reges
842 3887 1064 3953 Romanorum
1095 3907 1134 3952 ac
1163 3885 1320 3952 instituta
1349 3886 1577 3954 conventualis
1608 3889 1648 3952 de
1678 3905 1840 3953 consensu
1870 3884 2057 3970 dyocesani,
2183 3899 2184 3918 ³

405 3989 556 4057 videlicet
582 4043 588 4056 .
607 4043 613 4054 .
640 3992 879 4075 archiepiscopi
894 3993 1089 4077 Mogontint.
1131 3993 1243 4060 Credit
1257 3993 1434 4078 Nycolaus
1455 3993 1651 4060 scolasticus
1670 3991 1807 4059 ecclesie
1823 4001 1938 4058 sancte
1954 3991 2059 4058 narie
2183 3993 2184 4062 j

405 4117 444 4162 uc
472 4098 562 4164 beati
587 4099 733 4182 Georgii,
759 4106 954 4182 procurator
980 4153 1012 4166 ..
1038 4099 1155 4168 decani
1185 4108 1275 4166 et..
1301 4100 1439 4182 capituli
1469 4099 1613 4166 eiusdem
1644 4098 1779 4166 ecclesie
1804 4106 1919 4178 sancte
1943 4099 2058 4178 Maris,

405 4204 575 4270 ecclesiam
606 4205 714 4272 sancti
736 4207 961 4273 Bartholomei
991 4228 1012 4273 a
1042 4214 1198 4288 tempore,
1224 4227 1287 4287 quo
1311 4206 1436 4284 recolit,
1460 4205 1608 4272 habitam
1636 4204 1710 4273 iore
1734 4225 1793 4289 pro
1817 4205 1959 4272 ecclesia
1983 4225 2058 4275 con·
2183 4209 2184 4268 J

405 4310 552 4377 ventuali
583 4319 616 4378 et
645 4312 741 4378 hodie
769 4312 905 4395 proinde
927 4314 1101 4393 habeatur,
1125 4313 1199 4395 quis
1223 4320 1330 4381 autem
1355 4312 1461 4394 ipsam
1485 4311 1687 4396 fundaverit,
1712 4311 1961 4402 dotaveritseu
1986 4332 2060 4380 con·
2183 4319 2184 4342 ¹

404 4418 593 4500 firmaverit,
618 4418 759 4502 ignorat.
810 4423 842 4505 2)
867 4421 960 4501 Item,
986 4423 1071 4502 quod
1100 4420 1134 4486 in
1163 4423 1276 4486 eadem
1300 4419 1441 4487 eeclesia
1465 4441 1485 4486 a
1508 4427 1654 4502 tempore
1677 4417 1886 4486 fundacionis
1911 4427 1945 4486 et
1967 4419 2060 4486 insti-
2183 4451 2184 4464 ι

405 4523 545 4590 tucionis
576 4525 727 4608 eiusdem,
755 4526 908 4592 videlicet
932 4547 952 4593 a
975 4526 1163 4611 quingentis
1194 4527 1289 4594 annis
1319 4527 1423 4609 lapsis
1454 4535 1487 4593 et
1519 4526 1607 4593 ultra
1635 4524 1771 4592 luerunt
1794 4531 1828 4593 et
1852 4528 1960 4594 adhuc
1983 4533 2059 4593 sunt
2183 4573 2184 4616 ,

407 4681 438 4694 ..
464 4631 660 4714 prepositus,
688 4636 889 4700 ..decanus
923 4641 957 4700 et
987 4635 1156 4718 collegium
1187 4635 1428 4702 canonicorum.
1477 4633 1590 4701 Credit
1620 4633 1788 4718 Nycolaus
1818 4639 2059 4716 procuratore

406 4745 561 4818 tempore,
594 4757 656 4820 quo
686 4739 810 4806 recolit.
859 4742 892 4824 3)
916 4741 1009 4820 Item,
1042 4744 1127 4822 quod
1158 4739 1205 4807 sic
1228 4741 1415 4807 habeantur
1438 4746 1472 4807 et
1494 4745 1703 4823 reputantur,
1727 4737 1833 4806 babiti
1857 4747 1891 4806 et
1914 4740 2059 4823 reputati

405 4850 482 4909 sunt
506 4843 602 4910 dictis
627 4845 829 4926 temporibus
852 4847 885 4911 in
902 4845 1145 4929 Frankenlord
1170 4845 1393 4931 inMoguntia
1417 4846 1499 4912 etin
1517 4845 1590 4912 aliis
1606 4845 1687 4914 locis
1704 4845 1853 4930 pluribus
1870 4845 2057 4912 convicinis.

406 4950 517 5016 Credit
548 4958 585 5017 ut
616 4970 724 5033 supra.
774 4953 808 5036 4)
833 4954 925 5035 ltem,
951 4957 1035 5034 quod
1066 4954 1100 5020 in
1131 4955 1244 5020 eadem
1275 4951 1415 5018 ecclesia
1443 4958 1496 5018 est
1519 4951 1705 5033 parrochia,
1731 4951 1824 5018 cuius
1842 4953 2057 5033 parrochiani

405 5063 483 5122 sunt
506 5065 539 5122 et
562 5055 697 5124 fuerunt
720 5079 741 5124 a
764 5066 910 5142 tempore
933 5058 1140 5126 fundacionis
1163 5061 1250 5126 dicte
1274 5059 1410 5126 ecclesie
1427 5057 1583 5140 oppidani
1600 5057 1711 5141 oppidi
1725 5056 2056 5130 Frankenlordensis,

405 5163 509 5230 incole
539 5164 690 5231 villarum
714 5165 937 5248 Blrckinbeim,
962 5166 1149 5250 Burnheim‚
1182 5166 1361 5249 superioris
1385 5167 1487 5247 Rode,
1514 5164 1727 5231 Sassinhusin
1758 5171 1792 5229 et
1814 5165 2057 5233 habitationum

406 5270 527 5336 eisdem
550 5271 670 5353 oppido
695 5279 729 5338 et
752 5273 837 5338 villis
862 5273 1085 5340 attinencium.
1126 5273 1247 5342 Credit.
1291 5275 1326 5358 5)
1349 5275 1442 5353 item,
1468 5275 1553 5354 quod
1578 5271 1700 5337 dictum
1715 5270 1870 5353 oppidum
1887 5271 2057 5338 Franken·

405 5375 559 5444 fordense
590 5397 715 5444 necnon
747 5379 822 5445 ville
853 5386 886 5445 et
916 5379 1142 5446 habitaciones
1174 5379 1320 5463 predicte
1351 5386 1427 5444 sunt
1459 5387 1493 5444 et
1524 5377 1711 5446 consistunt
1733 5376 1823 5444 infra
1846 5377 1967 5445 limites
1990 5378 2056 5444 sivo

405 5484 562 5550 terminos
586 5485 721 5550 ecclesie
746 5486 854 5552 sancti
877 5486 1100 5554 Bartholomei
1123 5486 1297 5580 parrochie
1321 5485 1520 5569 supradicte.
1560 5485 1681 5551 Credit.
1726 5485 1760 5570 6)
1782 5484 1876 5565 ltem,
1902 5488 1988 5566 quod
2011 5484 2057 5552 sic

407 5591 564 5656 creditum
597 5599 649 5656 est
680 5599 713 5657 et
736 5592 883 5658 habitum
906 5593 1026 5659 ibidem
1050 5613 1088 5658 ac
1113 5595 1186 5659 aliis
1209 5593 1289 5659 locis
1313 5592 1430 5661 vicinis
1454 5599 1486 5658 et
1513 5590 1577 5657 fnit
1602 5591 1803 5674 temporibus
1826 5592 2003 5658 retroactis
2026 5599 2057 5658 et

672 5789 698 5838 a)
710 5784 749 5828 cr.
760 5783 909 5837 .vsrnoms².-
936 5785 961 5839 ι)
972 5784 1042 5838 ,ιον
1058 5786 1121 5830 mm
1133 5786 1232 5842 coppeu
1245 5787 1281 5830 on
1292 5785 1332 5830 or.
1342 5784 1627 5829 encaemorum
1637 5781 1836 5838 Puaeeeaeotac
1863 5791 1885 5835 o
1898 5774 2057 5828 donem.
