4436 6404
802 361 806 366 -
917 337 986 392 raas
1005 335 1064 392 run
1081 337 1129 392 aa
1778 344 1844 410 213

182 533 320 614 quidem
352 534 610 618 conpromissum
642 537 701 602 sub
732 534 877 616 periculo
909 542 943 601 et
973 535 1162 618 perdicione
1192 535 1298 602 tocius
1328 535 1398 602 litis
1429 547 1489 603 seu'
1511 556 1609 604 rause
1634 539 1780 622 predicte
1804 561 1843 608 ac

181 642 290 709 eciam
327 649 458 709 centum
493 661 677 709 marcarum
712 643 844 726 argenti
877 641 942 708 tuit
976 649 1009 709 et
1044 651 1096 710 est
1130 662 1215 725 pena
1249 643 1418 710 vallatum.
1477 645 1704 713 Promiserunt
1739 649 1843 715 eciam

182 757 302 832 partes
338 749 521 834 prescripta
556 750 708 817 hincinde
743 769 801 833 per
835 750 980 833 ipsorum
1017 804 1023 816 .
1052 807 1060 820 .
1097 756 1343 834 procuratores,
1381 752 1466 832 quod
1501 751 1657 834 quidquid
1691 773 1750 835 per
1784 775 1843 822 nos

180 858 237 924 vel
262 865 414 925 nostrum
438 857 609 924 arbitrium
633 857 667 922 in
692 857 801 924 causis
825 858 1009 940 prenotatis
1025 858 1212 924 ordinatum
1227 855 1328 924 luerit
1345 877 1402 925 seu
1419 860 1679 944 pronunciatum,
1704 861 1843 930 inviola-

180 964 298 1032 biliter
329 967 517 1047 observare,
542 964 702 1049 eligentes
733 972 766 1032 et
797 954 1029 1048 promittentes
1058 966 1121 1031 lide
1152 965 1293 1048 prestita
1316 966 1489 1048 corporali,
1515 970 1601 1048 quod
1624 987 1703 1051 pars
1727 975 1844 1037 eontra

181 1072 498 1153 pronunciacionem
526 1092 583 1138 seu
607 1079 755 1140 nostrum
780 1071 954 1141 arbitrium
977 1072 1111 1141 veniens
1135 1072 1168 1138 in
1193 1079 1289 1155 parte
1313 1074 1365 1138 vel
1388 1073 1422 1139 in
1446 1079 1516 1140 toto
1540 1075 1630 1156 parti
1653 1077 1844 1144 observanti

181 1180 496 1262 pronunciacionem
521 1183 658 1246 eandem
682 1183 725 1246 ad
748 1179 939 1246 solvendum
963 1186 1093 1246 centum
1117 1199 1246 1246 marcas
1270 1180 1401 1264 argenti
1424 1200 1507 1264 pene
1531 1182 1659 1249 nomine
1677 1189 1842 1266 teneatur,

181 1295 216 1352 et
250 1287 405 1354 similiter
436 1307 513 1368 pars
544 1306 610 1354 non
640 1289 823 1354 observans
853 1293 1001 1354 nostram
1033 1287 1341 1369 pronunciacionem
1371 1307 1505 1355 causam
1534 1289 1616 1356 iuris
1647 1297 1843 1372 patronatus

181 1395 340 1461 totaliter
364 1397 491 1477 perdat,
516 1401 554 1460 ut
577 1393 729 1477 superius
753 1400 805 1460 est
828 1402 1034 1482 pretactum„
1072 1395 1139 1462 Nos
1162 1394 1274 1476 itaque
1295 1395 1518 1477 conpromisso
1534 1397 1718 1464 huiusmodi
1733 1398 1767 1464 in
1784 1418 1843 1464 nos

181 1507 333 1584 recepto,
361 1501 634 1568 instructionibus
664 1509 698 1567 et
727 1500 1019 1568 inlormacicnibus
1051 1522 1090 1568 ac
1121 1500 1348 1568 instrumentis
1379 1521 1478 1586 super
1508 1503 1576 1570 suis
1604 1503 1843 1572 intentionibus

180 1606 369 1675 fundandis
393 1607 588 1690 apartibus
619 1607 771 1674 hincinde
802 1608 896 1676 nobis
920 1608 1076 1676 exhibitis
1100 1615 1134 1674 et
1157 1607 1328 1691 porrectis,
1354 1609 1565 1692 plurimorum
1590 1613 1786 1693 prudentum
1810 1618 1843 1678 et

180 1714 452 1797 iurisperitorum
485 1715 722 1782 communicato
756 1715 890 1782 consilio
922 1736 962 1781 ac
992 1735 1092 1796 penes
1121 1734 1182 1782 nos
1212 1699 1446 1782 diliberaeione
1477 1717 1653 1797 prehabita
1683 1717 1841 1804 diligenti,

180 1823 337 1889 volentes
362 1823 484 1890 cultum
508 1823 652 1890 divinum
677 1821 800 1906 augeri,
827 1821 1019 1889 arbitrando
1040 1821 1607 1904 pronunciamusetpronunciando
1624 1825 1840 1893 arbitramur:

181 1933 226 1996 ad
252 1931 411 1997 honorem
442 1929 494 1996 dei
525 1928 758 2013 omnipotentis
789 1949 910 2010 sueque
940 1929 1057 1994 matris
1080 1927 1185 1994 Mar-ie
1208 1927 1347 2012 virginis
1371 1928 1512 2012 gloriose
1537 1930 1659 1997 dictam
1684 1933 1843 2014 capellam

180 2043 303 2104 sancte
320 2035 424 2103 Marie
448 2035 536 2102 ufme
552 2036 757 2103 Rossebuhcl
779 2035 813 2101 in
830 2035 1056 2102 Frankinlord
1081 2034 1176 2119 erigi,
1202 2054 1298 2116 quam
1323 2035 1426 2102 eciam
1450 2056 1509 2118 per
1531 2036 1656 2104 litteras
1672 2047 1841 2120 presentes

181 2143 345 2227 erigimus
368 2144 402 2209 in
426 2143 597 2210 ecclesiam
621 2143 840 2227 collegiatam,
865 2143 939 2209 iura
963 2141 1092 2226 collegii
1115 2141 1179 2208 sibi
1202 2141 1387 2224 tribuendo,
1413 2149 1446 2208 et
1470 2161 1528 2209 sex
1551 2145 1726 2212 canonicos
1748 2146 1843 2213 insti-

181 2251 309 2318 tuimus
339 2250 470 2334 ibidem,
496 2271 577 2332 quos
608 2249 731 2319 litteris.
750 2249 959 2338 presentibus
982 2248 1016 2315 in
1041 2248 1169 2316 nomine
1192 2248 1299 2331 patris
1323 2254 1355 2315 et
1378 2249 1436 2316 filii
1460 2255 1493 2315 ct
1516 2249 1653 2332 spiritus
1677 2253 1786 2320 sancti
1808 2254 1842 2320 in

181 2357 364 2424 canonicos
394 2359 632 2440 confirmamus,
658 2358 708 2425 ita
737 2364 857 2439 tamen,
883 2359 968 2438 quod
991 2356 1206 2423 Heilmannus
1231 2355 1339 2421 dictus
1365 2357 1524 2440 Froysoh,
1549 2355 1656 2424 irater
1680 2361 1842 2441 quondam

180 2465 381 2550 Wygelonis
398 2467 546 2549 Froysch
570 2466 719 2548 predicti,
746 2468 787 2532 ad
811 2483 909 2531 unam
934 2464 1143 2545 prebendam,
1168 2462 1233 2528 iam
1257 2468 1333 2528 actu
1358 2469 1533 2528 vacantem
1555 2463 1589 2529 in
1613 2465 1755 2533 ecclesia
1777 2467 1842 2534 iam

180 2572 286 2655 dicta,
314 2573 419 2655 possit
434 2580 469 2639 et
484 2573 596 2640 valeat
613 2592 786 2654 personam
803 2591 1028 2653 quamcunque
1045 2578 1247 2654 presentare,
1266 2588 1362 2650 quam
1380 2569 1421 2636 ad
1440 2569 1542 2650 ipsius
1560 2573 1842 2653 presentaeionem

180 2679 362 2746 instituere
386 2681 540 2746 debemus
564 2687 597 2745 et
620 2679 839 2758 instituemus,
864 2698 930 2744 una
956 2697 1097 2758 persona
1120 2681 1293 2744 dumtaxat
1317 2683 1467 2759 excepta.
1515 2678 1599 2744 Item
1622 2678 1746 2746 virtute
1762 2679 1843 2747 dicti

181 2785 402 2868 conpromissi
432 2794 465 2852 et
495 2787 535 2853 ob
567 2789 731 2866 quandam
762 2804 995 2867 reconpensam
1027 2785 1215 2867 sepedictus
1239 2783 1455 2850 Heilmannus
1480 2785 1629 2867 Froysch
1653 2787 1707 2852 vel
1730 2787 1782 2853 sui
1808 2843 1840 2856 ..

181 2895 324 2960 heredes
355 2892 451 2959 aliam
483 2912 668 2974 personam,
694 2911 836 2974 persona
859 2891 1005 2957 Hartlibi
1037 2891 1117 2956 dieti
1140 2889 1245 2974 Grylo
1277 2890 1454 2972 presbiteri
1486 2894 1658 2958 dumtaxat
1689 2901 1838 2976 excepta,

180 3020 283 3082 quam
317 2999 447 3066 duxerit
480 3001 533 3066 vel
565 2999 719 3065 duxerint
751 2998 997 3080 nominandam,
1033 3001 1075 3064 ad
1108 2999 1307 3079 prebendam
1338 2997 1373 3064 in
1406 2997 1493 3063 dioto
1527 2998 1662 3082 collegio
1695 3001 1841 3082 proximo

180 3113 381 3174 vacaturam
411 3108 535 3173 babeat
563 3106 618 3173 vel
647 3108 793 3172 habeant
824 3105 926 3170 eciam
957 3111 1159 3186 presentare,
1186 3123 1280 3186 quam
1314 3107 1355 3170 ad
1386 3105 1490 3186 ipsius
1521 3105 1574 3172 vel
1601 3105 1745 3188 ipsorum
1769 3128 1841 3192 pre-

179 3213 408 3279 sentaoionem
439 3213 592 3279 similiter
621 3211 840 3281 instituemus.
884 3214 1036 3278 Ceterum
1069 3211 1273 3278 decernimus
1303 3211 1492 3277 firmitatem
1523 3212 1651 3278 roboris
1682 3213 1839 3296 obtinere,

116 3396 120 3404 ,
180 3323 281 3402 quod,
315 3319 344 3385 si
373 3340 438 3400 qua
469 3319 614 3401 parcium
645 3319 1059 3401 p1·edictamm,videlicet
1089 3318 1306 3384 Heilmannus
1337 3318 1445 3386 dictus
1469 3320 1618 3401 Froysoh
1649 3320 1702 3386 vel
1732 3321 1782 3387 sui
1807 3374 1839 3387 ..

179 3429 324 3493 heredes
356 3434 389 3492 et
419 3425 506 3493 dicte
533 3479 564 3494 ..
591 3425 715 3508 relicte,
740 3426 774 3492 in
805 3425 941 3509 collegio
973 3431 1146 3508 prenotato
1178 3423 1320 3506 aliquam
1353 3426 1405 3492 vel
1435 3426 1563 3507 aliquas
1594 3427 1764 3494 canoniam
1788 3431 1841 3496 vel

182 3533 356 3608 canonias,
374 3533 532 3600 vicariam
549 3553 607 3599 seu
623 3531 777 3614 vicariae,
795 3540 1007 3616 personatum
1023 3531 1076 3598 vel
1093 3537 1299 3614 personatus,
1318 3539 1511 3615 perpetuam
1528 3534 1579 3600 vel
1596 3542 1783 3617 perpetuos,
1801 3533 1840 3602 de

181 3659 272 3708 novo
290 3639 432 3706 voluerit
448 3640 498 3706 vel
516 3639 681 3707 voluerint
698 3641 813 3706 dotare
830 3659 888 3706 seu
906 3639 1070 3721 ordinare,
1085 3639 1207 3705 lrabeat
1223 3641 1276 3706 vel
1291 3641 1437 3706 babeant
1452 3640 1510 3706 illa
1522 3639 1595 3708 vice
1612 3643 1654 3707 ad
1671 3641 1842 3708 canoniam

180 3747 240 3814 vel
270 3746 437 3828 canonias
462 3745 621 3814 vicariam
653 3766 710 3812 seu
740 3746 894 3828 vicarias,
921 3751 1132 3829 personatum
1163 3752 1221 3812 aut
1252 3753 1448 3827 personatus
1480 3747 1656 3830 predictos,
1682 3767 1841 3830 personas

179 3858 341 3937 ydoneos,
361 3872 443 3935 quas
466 3854 651 3920 decreverit
673 3854 726 3920 vel
748 3850 966 3935 decreverint,
992 3859 1194 3935 presentare.
1241 3853 1363 3919 Postea
1385 3873 1474 3936 vero,
1492 3853 1646 3934 quociens
1669 3856 1841 3922 vacaverit

179 3959 240 4028 vel
263 3960 467 4042 vacaverint,
493 3960 643 4027 canonici
666 3961 743 4027 novi
767 3960 897 4043 collegii
919 3959 1079 4042 sepedicti
1095 3959 1128 4025 in
1145 3958 1329 4026 huiusmodi
1343 3960 1512 4027 beneficiis
1528 3980 1588 4042 per
1603 3961 1711 4027 dietas
1727 3969 1840 4044 partes

180 4067 240 4136 vel
263 4067 403 4134 alteram
426 4066 572 4151 ipsarum
596 4066 643 4133 sic
667 4067 791 4134 dotatis
814 4068 868 4134 vel
892 4066 1053 4133 ordinatis
1076 4067 1126 4132 ius
1151 4066 1294 4150 eligendi
1318 4069 1463 4133 habeant
1479 4074 1512 4133 et
1527 4067 1633 4148 ipsam
1650 4066 1841 4135 conferendi

179 4175 324 4241 liberam
346 4172 551 4240 facultatem.
600 4173 721 4240 Datum
747 4179 779 4240 et
804 4181 914 4240 aetum
927 4173 1102 4239 Viltzbach
1126 4178 1222 4239 extra
1245 4192 1356 4239 muros
1372 4173 1591 4257 Mogontinos,
1618 4193 1703 4241 anno
1720 4174 1841 4241 domini

180 4280 356 4348 millesimo
382 4280 611 4347 trecentesimo
629 4280 784 4347 vicesimo
809 4259 1189 4363 quinto‚v⁰1.kalendos
1212 4279 1291 4346 iulii.

403 4422 448 4477 Or.
462 4424 550 4494 Ppmt.
587 4423 650 4478 Dos
675 4423 853 4494 anbdapende
878 4423 1098 4488 crrbiacbdftr'cbe
1116 4423 1203 4494 Siepel
1227 4423 1263 4477 iat
1290 4423 1368 4477 icicbt
1395 4423 1555 4490 beocltddr'pt.
1593 4421 1633 4477 St.
1645 4424 1680 4476 A.
1696 4423 1744 4478 Fr.
1759 4423 1839 4478 Lict-

452 4513 616 4578 fraarnatr'ft
635 4513 689 4568 No.
702 4517 727 4566 8.

402 4601 499 4656 Getta:
516 4601 695 4670 thrdtwer'rr,
715 4602 808 4656 Dua
823 4602 906 4671 Mop,
926 4602 970 4668 Π,
991 4605 1060 4667 701,·
1078 4601 1122 4668 B,
1140 4605 1194 4655 460
1212 4602 1282 4654 noch
1300 4601 1359 4653 dem
1380 4600 1425 4655 Or.
1447 4640 1453 4652 .
1485 4603 1487 4608 ’

180 4915 279 4992 279.
303 4924 469 4990 Rrrlmonn
498 4945 557 4990 oon
587 4923 760 5009 Limbarp,
792 4924 1001 5004 schaltheim,
1032 4924 1082 4988 die
1112 4924 1258 5004 Scbdffcn
1287 4924 1353 4988 aad
1383 4913 1439 4987 der
1468 4923 1555 4988 Rara
1583 4945 1625 4986 εει
1655 4921 1840 5005 Fronlrfart

305 5032 466 5111 tecam,
490 5032 569 5098 dass
592 5032 643 5096 thr
659 5031 840 5117 Mitbr‘irpcr
856 5032 1020 5097 Starlrerot
1042 5037 1063 5095 3
1079 5031 1214 5096 Mr'ittea
1237 5031 1300 5112 aas
1320 5031 1390 5095 dem
1405 5029 1502 5096 Maio
1525 5051 1586 5094 ooa
1599 5031 1667 5095 dem
1684 5027 1838 5096 Deutscb-

304 5140 516 5204 orderrsboasc
537 5161 580 5204 εει
602 5140 863 5205 Saclaserrbauserr
885 5137 1017 5222 peiroaft
1039 5140 1106 5202 trad
1128 5139 1189 5204 das
1212 5139 1336 5222 corripe
1352 5137 1616 5216 Mutuowassa,
1641 5139 1690 5201 ein
1708 5136 1838 5202 Grand-

303 5247 392 5312 strioir
415 5249 448 5311 in
468 5247 731 5312 Sacbsenboaserr
753 5247 820 5310 aad
842 5247 903 5310 dea
919 5246 995 5329 Wep
1018 5246 1118 5311 dubia
1141 5249 1175 5310 in
1196 5244 1345 5310 Erbier'be
1367 5266 1427 5308 εοε
1450 5244 1565 5309 diesem
1588 5245 1726 5309 erbolterr
1749 5245 1837 5309 bobr.

305 5357 392 5418 1325
415 5352 488 5419 rari
509 5359 564 5418 26.

293 5495 365 5560 Wir
386 5495 528 5561 Rulman
551 5515 616 5563 von
632 5493 809 5579 Lymphrg,
835 5494 1036 5576 scholtheire,
1060 5495 1112 5562 die
1130 5545 1136 5562 .
1152 5548 1157 5561 .
1176 5493 1319 5562 schellen
1341 5496 1408 5560 und
1425 5496 1482 5559 der
1499 5549 1505 5562 .
1523 5545 1529 5558 .
1546 5498 1601 5559 rat
1616 5511 1657 5557 zu
1673 5491 1838 5558 Frankin-

180 5601 260 5670 ford
290 5602 463 5668 bekennen
479 5602 507 5689 l(
522 5601 662 5669 uffinbar
692 5623 736 5669 an
766 5601 868 5670 disem
898 5599 1003 5668 brieie
1035 5603 1114 5669 allin
1146 5605 1218 5685 den,
1251 5601 1304 5668 die
1333 5601 1368 5667 in
1399 5599 1491 5666 sehin
1523 5598 1595 5666 adir
1618 5600 1720 5666 heren
1743 5597 1835 5680 lesin,

181 5712 246 5777 daz
271 5709 448 5776 Starkerat
478 5711 537 5776 der
563 5710 694 5794 becker,
713 5710 740 5795 ll
757 5728 838 5777 unse
861 5710 1052 5795 mitburger,
1077 5729 1138 5776 vor
1160 5728 1223 5777 ιιιιε
1247 5707 1338 5775 sthnt
1361 5710 1426 5774 und
1450 5707 1583 5774 irkante
1607 5705 1686 5788 sich,
1712 5708 1773 5771 daz
1796 5706 1837 5771 he

181 5817 278 5884 bette
308 5813 446 5899 gekouft
477 5815 656 5884 rechtliche
673 5815 701 5904 ll
718 5821 784 5884 und
813 5817 976 5884 redeliche
1007 5815 1076 5884 drie
1099 5817 1207 5883 mulen
1230 5814 1268 5882 ul
1289 5819 1362 5883 dem
1385 5813 1504 5898 Moyne
1528 5833 1588 5882 vor
1610 5808 1837 5879 Frankinlord
