4436 6404
405 309 469 372 194
1059 303 1126 357 1324
1146 301 1223 370 April
1244 302 1278 356 10
1295 331 1329 344 -·
1349 299 1418 356 1324
1437 301 1493 356 uei
1511 303 1536 356 b.

403 501 593 585 Mogontine
609 499 696 566 sedis
712 499 1004 582 archiepiscopum,
1030 499 1175 582 impositi
1190 499 1375 580 novissime,
1393 501 1434 564 eb
1451 502 1562 566 eodem
1578 499 1706 565 domino
1722 497 1852 564 Mathia
1866 497 2055 580 specialiter

402 606 563 690 deputati.
627 605 905 690 Recognoscimus
940 625 999 688 per
1034 613 1222 689 presentes,
1259 605 1353 672 nobis
1387 625 1447 688 per
1481 603 1690 672 honorabiles
1724 604 1814 671 viros
1847 604 2053 671 dominos..

403 717 562 780 decanum
593 720 626 779 et
656 714 835 794 capitulum
866 713 1002 780 ecclesie
1032 713 1123 779 beati
1146 711 1370 779 Bartholomei
1398 712 1539 794 apostoli
1563 710 1884 778 Fraukenlordensis
1914 714 1954 776 de
1979 713 2055 777 sub-

398 820 485 894 sidio
509 821 589 903 ipsis
613 821 674 887 hoc
698 840 783 887 auno
806 819 970 902 imposito,
995 819 1150 886 videlicet
1173 818 1413 902 quinquaginta
1435 818 1555 884 marcis
1579 819 1786 884 denariorum
1803 816 2052 896 boloniensium,

398 928 510 1002 ¹tribus
533 927 733 993 heliensibus
757 947 815 1009 pro
840 926 984 1008 quolibet
1007 927 1141 992 denario
1166 924 1375 1019 computatis,
1400 944 1472 991 esse
1495 924 1642 1008 plenarie
1659 923 1878 991 satisfactum.
1926 927 2055 990 Dentes

403 1035 464 1100 has
487 1033 610 1100 litteras
634 1033 740 1118 sigillo
764 1040 888 1114 nostro,
914 1052 976 1114 quo
1000 1033 1131 1115 utimur,
1157 1032 1320 1116 sigillatas
1335 1031 1369 1098 in
1386 1031 1606 1098 testimonium
1623 1050 1721 1113 super
1737 1051 1784 1098 eo.
1832 1033 1952 1097 Actum
1968 1050 2054 1098 anno

404 1140 526 1207 domini
548 1142 589 1209 rii,
614 1135 675 1206 cub.
698 1119 945 1222 xx11l1.,11l1
969 1159 1073 1206 nonos
1097 1139 1219 1222 aprilis,

620 1283 666 1338 Or.
681 1283 768 1352 Pgmt.
788 1281 837 1336 mit
855 1281 1058 1352 ubbunpmdem
1078 1281 1171 1351 Siepcl.
1209 1281 1248 1334 st.
1262 1281 1296 1334 A.
1312 1281 1361 1333 Fr.
1376 1281 1475 1334 Burtb.
1488 1279 1527 1333 St.
1542 1281 1595 1334 No.
1609 1282 1687 1333 3373.

404 1567 495 1644 250.
522 1577 594 1642 Dus
618 1579 662 1642 St.
680 1575 1019 1656 Bartholomaeusstifi
1049 1577 1185 1655 bekannt,
1217 1597 1276 1639 aron
1298 1574 1473 1654 Elisabeth,
1501 1574 1631 1639 Toclrter
1656 1573 1763 1638 Petere
1794 1595 1853 1638 oon
1875 1573 2054 1652 Escbburb‚

521 1684 676 1748 inruet
703 1683 837 1768 Repperi
867 1683 933 1747 nod
959 1688 983 1747 2
1013 1682 1121 1748 Gdnse
1151 1681 1328 1763 Etntunfre
1359 1703 1418 1746 von
1447 1686 1531 1746 einer
1562 1680 1652 1761 Husc
1681 1703 1723 1744 au
1753 1679 2056 1746 Nioder-Escbbocb

521 1791 659 1855 erbolten
673 1812 715 1854 au
731 1791 840 1854 buben.
873 1788 936 1853 Die
951 1788 1131 1873 Kornpr'ilte
1153 1789 1212 1853 soll
1227 1788 1283 1852 cler
1297 1787 1463 1852 Elisabeth
1479 1788 1544 1850 und
1560 1791 1644 1851 einer
1658 1791 1834 1870 penunnten
1847 1787 2055 1851 Vcrwundicn

523 1898 586 1978 auf
614 1896 793 1961 Lebenseeit
818 1897 961 1976 junruit
992 1895 1193 1978 auspebetrt,
1225 1895 1306 1958 nucis
1337 1895 1439 1958 beider
1471 1893 1555 1958 Tude
1584 1895 1659 1960 uber·
1688 1915 1747 1957 aur
1777 1893 2056 1976 Kircbenprr'iscne

521 2004 692 2067 verwendet
714 2003 846 2068 ‘werden
895 2007 982 2066 1324
1006 2002 1102 2083 April
1126 2007 1177 2066 10.

511 2144 687 2210 Bertoldus
722 2146 866 2210 decanus
901 2149 1070 2224 totumque
1106 2141 1283 2225 capitulum
1318 2141 1454 2208 ecclesie
1489 2131 1598 2208 sancti
1628 2141 1850 2208 Bartholomei
1883 2143 2058 2208 Franken-

405 2249 586 2316 vordensis.
606 2251 631 2332 ll
650 2250 927 2334 Recognoscimus
951 2258 983 2314 et
1001 2249 1208 2331 presentibus
1225 2248 1353 2330 publice
1369 2249 1568 2330 profitemur,
1594 2251 1689 2330 quod,
1715 2268 1787 2314 curn
1803 2249 1964 2329 Elizabet,
1990 2249 2057 2316 filia

406 2358 568 2436 quondam
591 2355 681 2422 Petri
713 2358 752 2421 de
769 2358 796 2438 l!
813 2356 1017 2436 Eschebacb,
1049 2355 1082 2420 in
1113 2355 1289 2421 remedium
1321 2355 1426 2421 anime
1457 2375 1515 2421 sue
1545 2355 1692 2425 redditus
1722 2362 1880 2436 quattuor
1903 2357 2056 2422 octalium

406 2461 547 2546 siliginis
570 2481 721 2528 mensure
745 2461 1108 2547 Frankenllvordensis
1131 2468 1164 2528 et
1188 2465 1270 2527 duas
1294 2481 1405 2543 aucas,
1437 2481 1517 2542 quos
1541 2461 1656 2527 habuit
1679 2461 1713 2527 in
1737 2462 1885 2527 terminis
1908 2462 1985 2529 ville
2009 2463 2057 2527 in-

406 2566 536 2634 lerioris
552 2569 756 2649 Eschebacb‚
782 2569 816 2634 in
840 2589 903 2651 quo
928 2569 1027 2634 etiam
1050 2589 1163 2635 manso
1187 2569 1302 2635 nostra
1325 2569 1465 2634 ecclesia
1488 2569 1637 2650 predicta
1660 2570 1761 2634 babet
1777 2574 1811 2634 et
1827 2568 1967 2651 percipit
1984 2577 2056 2634 octo

384 2663 529 2740 'octalla
559 2675 707 2759 siliginis
740 2675 844 2741 eidem
871 2675 1006 2742 ecclesie
1030 2685 1142 2742 nostre
1166 2675 1340 2742 donaverit
1364 2682 1398 2741 et
1421 2675 1605 2754 tradiderit,
1630 2675 1734 2757 ipsam
1759 2675 1792 2740 in
1816 2675 2058 2758 possessionem

407 2783 581 2848 eorundem
611 2783 798 2848 reddituum
828 2788 969 2864 quatuor
1000 2781 1153 2848 octalium
1177 2781 1315 2863 siliginis
1339 2789 1373 2847 et
1397 2784 1534 2847 duarum
1557 2801 1723 2863 aucarum,
1752 2788 1850 2864 prout
1873 2789 1924 2847 est
1947 2783 2056 2864 moris

406 2887 580 2971 mittendo;
594 2908 653 2955 nos
665 2889 697 2954 in
711 2907 955 2970 recompensam
968 2888 1111 2954 eiusdem
1123 2888 1310 2955 donationis
1323 2887 1530 2970 promisimus
1543 2897 1577 2954 et
1589 2887 1808 2970 promittimus
1818 2909 1877 2971 per
1887 2897 2058 2971 presentes

407 2994 511 3060 eidem
527 2995 669 3061 Elirobct
692 2994 810 3060 annis⁸
834 2993 972 3078 singulis
995 2995 1144 3061 redditus
1168 3002 1325 3075 quattuor
1348 2995 1502 3061 octalium
1524 2993 1663 3078 siliginis
1687 3013 1838 3062 mensure
1861 2996 2008 3078 predicte
2025 2997 2057 3062 in

408 3120 533 3167 omnem
557 3099 732 3168 eventumb
757 3105 796 3166 de
820 3108 933 3166 nostro
957 3101 1114 3184 granario
1138 3105 1270 3167 tradere
1287 3108 1320 3167 et
1343 3108 1534 3182 presentare
1552 3104 1593 3167 ad
1610 3103 1738 3167 domum
1755 3102 1789 3167 in
1805 3103 2057 3184 Frankenvord,

408 3227 505 3289 quam
528 3207 767 3274 inhabitaverit
790 3206 843 3274 vel
863 3211 1017 3288 adquam
1032 3207 1184 3288 voluerit,
1210 3210 1251 3274 ad
1268 3213 1418 3289 tempora
1434 3211 1605 3273 dumtaxat
1623 3227 1680 3273 sue
1695 3208 1781 3290 vite;
1806 3211 1942 3274 eandem
1959 3209 2058 3276 etiam

408 3314 595 3396 pensionem
619 3319 776 3395 quattuor
799 3313 952 3380 octalium
972 3313 1111 3398 siliginis
1128 3313 1277 3380 similiter
1292 3317 1460 3380 trademus
1476 3321 1510 3380 et
1526 3314 1770 3398 assignabimus
1785 3313 1955 3396 Kbntcele,
1981 3326 2058 3382 nate

408 3423 570 3502 quondam
593 3419 728 3486 Henrici
748 3420 833 3486 ¹dicti
856 3419 1072 3502 Sideuvaden‚
1101 3421 1130 3486 si
1153 3419 1375 3503 supervixerit
1397 3421 1561 3505 Elyzabet
1585 3421 1818 3504 supradictam,
1844 3422 1994 3488 similiter
2018 3427 2058 3489 ad

408 3533 557 3610 tempora
586 3527 654 3594 vite
685 3527 846 3606 eiusdem;
877 3527 958 3608 ipsis
988 3547 1066 3595 vero
1090 3527 1255 3611 Elyzabet
1285 3534 1318 3592 et
1342 3526 1483 3594 Kbncela
1514 3527 1687 3608 defunctis,
1720 3528 1809 3593 dicta
1833 3529 1946 3611 pensio
1972 3532 2059 3612 apud

409 3641 555 3699 nostram
586 3633 759 3699 ecclesiam
788 3634 971 3714 predictam
1000 3633 1104 3700 libere
1134 3634 1318 3700 remanebit
1348 3641 1381 3699 et
1412 3635 1509 3701 iidem
1539 3635 1686 3700 redditus
1717 3641 1874 3716 quattuor
1903 3636 2060 3702 ortelium

409 3739 551 3824 siliginis
573 3740 606 3807 in
632 3740 684 3807 die
708 3739 927 3806 anniversarii
950 3737 1081 3821 prolate
1105 3740 1266 3823 Elyzabet
1289 3761 1348 3822 pro
1368 3741 1547 3822 presenciis
1562 3760 1651 3807 more
1667 3741 1910 3822 presenciarum
1927 3761 2061 3824 presen-

409 3845 497 3912 tibus
520 3845 553 3911 in
578 3849 676 3914 choro
700 3853 859 3929 perpetuo
883 3846 1123 3912 distribuentur
1145 3846 1179 3912 in
1203 3847 1342 3913 ecclesia
1357 3855 1472 3914 nostra
1488 3855 1673 3930 prenotata.
1713 3849 1781 3914 Nos
1796 3867 1923 3930 quoqne
1939 3847 2061 3916 irater-

408 3952 547 4019 nitatem
578 3960 611 4019 et
640 3952 925 4036 participationem
956 3953 1097 4019 omnium
1126 3953 1310 4035 missarum,
1336 3937 1520 4038 vigiliarum
1552 3961 1585 4020 et
1614 3956 1752 4022 aliarum
1776 3955 1972 4036 orationum,
1998 3976 2060 4037 que

410 4059 585 4125 clemencia
609 4061 786 4126 salvatoris
809 4060 842 4125 in
866 4068 982 4126 nostra
1004 4059 1145 4126 ecclesia
1168 4061 1361 4142 supradicta
1382 4061 1454 4127 fieri
1477 4063 1613 4141 dederit,
1639 4061 1742 4128 eidem
1757 4063 1922 4146 lllyzabet
1939 4062 1972 4129 in
1989 4063 2061 4130 vita

410 4166 492 4232 etin
508 4172 612 4232 morte
629 4173 795 4247 tamquam
812 4173 924 4233 nostre
941 4167 1109 4233 consorori
1124 4174 1238 4234 tenore
1255 4168 1458 4250 presencium
1475 4169 1680 4236 concedimus
1697 4169 1880 4251 specialem.
1914 4170 1955 4235 In
1968 4169 2060 4236 cuius

409 4273 459 4339 rei
480 4273 614 4340 evidens
638 4273 861 4339 testimonium
883 4280 1055 4355 presentes
1077 4275 1200 4340 litteras
1217 4273 1363 4340 dedimus
1379 4274 1543 4357 Elyzabet
1560 4281 1593 4341 et
1607 4274 1746 4342 Kdncele
1762 4275 1937 4357 sepedictis
1954 4276 2061 4360 sigillo

410 4380 546 4446 ecclesie
576 4386 689 4446 nostre
720 4379 880 4462 prelibate
904 4379 1018 4447 maiori
1043 4380 1183 4463 pendulo
1208 4379 1381 4464 sigillatas.
1429 4383 1550 4447 Actum
1573 4389 1607 4448 et
1630 4385 1742 4447 datum
1766 4401 1851 4447 auno
1876 4382 1997 4448 domiui
2020 4385 2060 4449 rb.

410 4480 476 4552 cub.
500 4466 663 4568 xxllli,
687 4484 773 4556 feria
797 4487 901 4552 tercia
924 4495 999 4568 post
1023 4488 1217 4554 dominicam
1241 4487 1432 4569 palmarum.

627 4610 672 4665 Or.
687 4611 774 4679 Pgntt.
812 4611 982 4680 Abbonpend
1004 4612 1054 4665 dns
1071 4627 1163 4679 prosse
1182 4609 1332 4681 Stiftsiepel
1351 4613 1544 4682 (besclrddr'pt).
1582 4613 1621 4668 St.
1635 4615 1668 4667 A.
1684 4613 1735 4666 Fr.
1749 4613 1847 4667 Barth.
1862 4613 1899 4668 St.
1916 4614 1968 4667 No.
1982 4616 2061 4668 2743.

625 4699 724 4754 Geta:
744 4699 786 4762 B,
807 4703 860 4753 475
878 4699 948 4753 nacla
967 4698 1107 4763 Abscbrift
1125 4701 1156 4754 in
1175 4699 1486 4768 Bortb.·Stift·Biirlrer,
1505 4700 1581 4755 Serio
1598 4701 1618 4753 1
1635 4701 1688 4755 No.
1701 4705 1737 4755 25
1756 4700 1775 4767 fi
1796 4707 1820 4755 1.

628 4786 721 4841 Vera:
738 4786 844 4854 Scribo,
864 4787 907 4870 ll,
927 4789 979 4842 No.
995 4793 1071 4842 1142.

411 5074 502 5150 251.
530 5082 694 5148 Genannte
717 5083 961 5148 Sebiedsrichter
990 5085 1185 5148 entscbeiden
1213 5088 1301 5148 einen
1324 5083 1604 5166 Erbscbustsstreit
1626 5085 1781 5150 ewiscbcn
1803 5086 1873 5150 darn
1896 5084 2063 5168 Presbyter

529 5190 696 5255 Hernrunn
718 5210 778 5254 von
796 5189 973 5256 Wunebucb
996 5191 1062 5255 cinci
1085 5192 1196 5256 dessen
1218 5190 1357 5270 Bructer,
1382 5193 1450 5256 dem
1473 5191 1664 5256 «sollenniter
1678 5191 1826 5275 Ludwig,
1851 5191 1961 5270 dultin,
1986 5193 2062 5257 dass

528 5296 584 5360 dcr
612 5301 829 5380 orstpcnonnte
852 5300 967 5362 seinem
991 5296 1121 5361 Brruler·
1144 5299 1210 5361 und
1233 5297 1303 5362 dem
1325 5298 1614 5363 Jolrunniterordcn
1636 5303 1658 5362 3
1681 5297 1781 5363 Morio
1806 5297 1885 5362 Zins
1909 5279 1974 5380 uus
1994 5299 2062 5363 dem

529 5403 688 5468 Sannaus
711 5407 745 5467 in
768 5402 953 5485 Frunbfnrt
976 5407 1133 5469 unweisen
1156 5403 1224 5468 soll.
1273 5409 1359 5468 1324
1384 5404 1459 5469 Mai
1481 5409 1511 5468 5.

518 5522 691 5612 Universis
715 5545 886 5628 presencia
909 5543 1109 5628 inspecturis
1128 5543 1305 5628 Sylridus⁰
1330 5552 1447 5612 cantor
1465 5545 1601 5612 ecclesie
1618 5551 1732 5611 sancte
1748 5545 1855 5612 blarie
1872 5548 1914 5611 ad
1930 5547 2063 5612 Gradus

411 5651 617 5736 Mogontinr,
655 5650 762 5719 frater
799 5653 969 5719 lohannes
1000 5655 1040 5718 de
1071 5649 1299 5735 Groynbach,‘¹
1325 5655 1568 5719 conrmendator
1598 5654 1711 5718 domus
1727 5653 1755 5738 ll
1771 5650 1943 5734 hospitalis
1975 5651 2064 5718 beati

679 5798 702 5844 a>
721 5781 783 5842 Uber
797 5791 887 5842 Rasur.
917 5792 941 5838 br
960 5781 1023 5838 Uber
1037 5792 1081 5839 der
1095 5791 1162 5842 lette
1176 5792 1222 5838 mit
1235 5791 1340 5840 asamar
1357 5787 1434 5838 Tinte.
1463 5800 1485 5840 or
1499 5789 1527 5838 B.
1543 5789 1700 5847 „Syffrtduu‘t
1728 5789 1752 5844 d)
1766 5787 1794 5833 B.
1808 5787 1975 5842 ‚uronuech‘t
