4416 6414
773 327 971 382 1111111111
992 323 1252 381 -1317111122,
1794 325 1838 390 75

276 528 477 613 Erwc'ibluop
509 549 542 593 es
572 527 696 592 woden
725 525 833 605 sollcn,
857 526 935 590 dass
965 545 1008 590 on
1038 525 1124 588 tltrcr
1147 521 1268 588 Kircbe
1297 545 1358 588 neo
1387 523 1545 588 erricbteto
1571 521 1757 588 Prdbcnolen
1780 545 1839 588 con

275 637 368 701 deren
384 635 529 717 sapae,
553 657 589 699 so
612 635 705 718 longe
727 633 811 698 dicae
834 633 929 711 leben,
954 632 1102 715 vergebat
1126 629 1250 696 eumden
1271 630 1390 712 ddrfea
1413 631 1478 694 ond
1494 631 1571 695 dass
1587 631 1638 694 dte
1652 629 1840 696 Kamisa

275 744 341 807 ond
364 743 416 808 dte
432 743 549 808 Vdoore
571 763 615 806 oo
637 741 697 806 den
714 738 986 824 Prdsenapcldern
1008 736 1149 824 pietaten
1164 735 1293 802 Aatbcil
1316 737 1416 802 babeo
1439 736 1546 802 sollcrs.
1594 741 1685 803 1317
1696 737 1770 803 chi
1783 741 1838 804 21.

293 885 333 951 In
363 885 492 951 nomine
524 881 660 965 domini,
693 901 796 949 amen.
855 879 1015 948 Noverint
1046 879 1193 946 universi
1223 879 1428 962 presencium
1457 879 1661 962 inspectores
1691 887 1725 947 et
1754 881 1840 948 hanc

190 992 342 1078 paginam
358 991 563 1059 intuentibus
580 997 696 1074 pateat
713 987 892 1070 evidenter,
910 990 995 1068 quod
1012 1006 1071 1053 nos
1086 987 1243 1054 Nicolaus
1259 987 1367 1054 dictus
1379 988 1407 1073 11
1420 987 1459 1054 de
1470 988 1669 1054 Wollenstat
1684 991 1838 1066 decanus,

190 1099 342 1166 Nicolaus
367 1099 475 1166 dictus
491 1098 583 1165 Rosa
607 1095 811 1176 scolasticus,
837 1093 1002 1161 Arnoldus
1030 1093 1138 1160 dictus
1154 1093 1348 1178 Bbmeyster
1373 1101 1497 1176 cantor,
1523 1095 1688 1177 ceterique
1711 1096 1839 1164 domino

191 1213 359 1289 prestante
390 1205 584 1272 fundatores
601 1205 629 1292 ll
645 1211 679 1270 et
710 1208 812 1268 totum
844 1201 1021 1284 capitulum
1054 1201 1130 1280 novi
1154 1199 1280 1286 collegii
1305 1201 1441 1268 ecclesie
1465 1209 1653 1269 sanctorum
1678 1203 1783 1270 Marie
1807 1211 1841 1270 et

192 1313 324 1397 Georgii
352 1313 387 1380 in
411 1311 656 1392 Frankeniurd,
682 1313 722 1377 de
753 1329 913 1377 consensu
944 1317 978 1376 et
1008 1307 1179 1376 voluntate
1210 1309 1383 1376 reverendi
1411 1308 1445 1375 in
1469 1310 1599 1376 Christo
1627 1309 1733 1392 patris
1757 1329 1796 1376 ac
1813 1311 1839 1398 ll

191 1420 308 1486 domini
332 1422 439 1488 nostri
461 1419 583 1487 domini
604 1419 707 1500 Petri,
732 1415 971 1500 archiepiscopi
993 1415 1190 1499 Maguntim',
1216 1415 1271 1497 qui
1295 1417 1476 1499 predictum
1499 1424 1647 1484 nostrum
1671 1417 1840 1502 collegium

191 1531 227 1594 de
250 1534 366 1595 nostro
391 1527 588 1610 patrimonio
611 1525 785 1592 fundatum
808 1523 954 1591 instituit
978 1529 1011 1590 et
1035 1522 1235 1590 auctoritate
1259 1523 1427 1590 ordinaria
1442 1524 1660 1612 confirmavit,
1678 1524 1713 1591 in
1728 1531 1842 1592 nostre

190 1632 396 1702 fundacionis
420 1633 553 1700 exordio
578 1632 845 1714 constitutiones
871 1630 1099 1698 ordinaciones
1123 1635 1157 1696 et
1180 1630 1387 1697 condiciones
1405 1623 1639 1714 infrascriptos
1653 1632 1839 1714 statuimus,

190 1741 412 1809 ordinavimus
437 1747 536 1824 atque
561 1740 763 1808 condiximus
787 1747 821 1806 et
843 1737 1070 1806 nichilominus
1093 1737 1127 1804 in
1150 1737 1213 1805 biis
1237 1737 1371 1820 scriptis
1394 1737 1428 1804 in
1444 1739 1571 1806 nomine
1588 1740 1708 1806 domini
1724 1740 1842 1806 statui-

189 1869 267 1932 mus,
294 1849 483 1916 ordinamus
514 1855 547 1914 et
577 1847 776 1914 condicimus
807 1865 866 1928 per
896 1865 955 1911 nos
986 1849 1020 1912 et
1049 1850 1180 1911 nostros
1211 1863 1419 1912 successores
1449 1847 1617 1929 perpetuis
1641 1847 1842 1930 temporibus

189 1959 425 2039 observandas,
450 1955 605 2024 videlicet
628 1957 713 2037 quod
738 1953 844 2019 nostri
867 1970 1073 2018 successores
1097 1951 1307 2034 prebendarii
1330 1958 1364 2018 et
1387 1952 1537 2020 canonici
1560 1959 1636 2019 actu
1654 1957 1843 2022 sacerdotes

189 2064 337 2130 existant
365 2070 399 2130 et
421 2082 515 2129 nemo
539 2060 832 2144 prebendariorum
857 2059 926 2126 sive
950 2059 1180 2126 canonicorum
1205 2059 1341 2127 ecclesie
1365 2065 1477 2126 nostre
1502 2061 1649 2143 predicte
1673 2065 1712 2128 de
1736 2062 1844 2129 reddi-

189 2171 277 2238 tibus
303 2191 360 2238 seu
386 2169 601 2252 proventibus
625 2170 866 2252 prebendarum
882 2175 1069 2234 nostrarum
1086 2166 1261 2248 quidquam
1278 2167 1446 2250 percipiet,
1473 2175 1648 2251 antequam
1663 2168 1697 2235 in
1714 2188 1843 2236 sacrum

188 2277 431 2362 prespiteratus
463 2277 609 2344 ordinem
645 2279 704 2344 deo
736 2279 836 2342 dante
867 2273 1039 2341 ordinatus
1069 2271 1171 2339 fuerit
1201 2293 1259 2340 seu
1290 2280 1466 2357 promotus.
1526 2275 1757 2344 Verumtamen
1788 2277 1845 2359 qui

186 2388 335 2468 ydoneus
352 2388 394 2451 ad
411 2384 623 2451 obtinendum
639 2382 898 2450 ecclesiasticum
913 2381 1104 2448 beneficium
1121 2401 1180 2463 per
1195 2401 1254 2448 nos
1271 2387 1305 2447 et
1321 2387 1452 2448 nostros
1468 2401 1675 2450 successores
1691 2390 1844 2466 receptus

186 2490 290 2559 fuerit
319 2491 354 2558 in
384 2491 522 2558 ecclesie
552 2496 666 2558 nostre
698 2488 890 2556 canonicum
921 2494 954 2554 et
985 2487 1196 2570 confratrem,
1222 2488 1436 2556 substitutum
1466 2489 1601 2556 habebit
1631 2510 1691 2573 per
1720 2510 1780 2557 nos
1810 2497 1844 2557 et

188 2605 337 2666 nostrum
362 2598 541 2681 capitulum
565 2601 770 2665 sacerdotem
794 2595 966 2679 providum
983 2601 1016 2661 et
1033 2595 1219 2676 discretum,
1246 2595 1302 2678 qui
1317 2595 1515 2677 prebendam
1531 2596 1715 2664 huiusmodi
1730 2596 1844 2665 mediis

187 2707 392 2790 temporibus
425 2706 609 2785 deserviat,
641 2709 744 2772 donec
778 2703 966 2770 antedictus
998 2722 1056 2785 per
1085 2721 1145 2767 nos
1176 2709 1209 2768 et
1239 2708 1387 2770 nostrum
1417 2704 1596 2785 capitulum
1626 2711 1779 2788 receptus
1809 2705 1844 2771 in

187 2833 320 2882 sacrum
351 2813 592 2895 prespiteratus
624 2813 770 2880 ordinem
800 2810 913 2878 valeat
940 2809 1133 2891 promoveri,
1159 2829 1200 2876 ne
1224 2815 1359 2892 propter
1382 2811 1564 2880 novitatem
1586 2812 1693 2878 nostri
1717 2812 1844 2896 collegii

186 2928 222 2988 et
245 2919 449 3004 paucitatem
473 2927 661 2986 nostrarum
685 2936 899 3001 personarum
923 2915 1069 2984 divinum
1092 2916 1281 2998 obsequium
1305 2917 1468 2984 defectum
1487 2919 1662 3001 aliquando
1680 2919 1842 3002 paciatur.
1960 2939 1962 2942 ’

190 3027 376 3095 Statuimus
406 3046 534 3110 quoque
566 3035 604 3094 et
629 3026 828 3094 condicimus
858 3023 891 3090 in
915 3022 978 3090 hiis
1002 3023 1145 3105 scriptis,
1171 3027 1266 3106 quod,
1292 3023 1321 3090 si
1343 3025 1504 3108 quispiam
1528 3045 1568 3092 ex
1591 3025 1685 3094 nobis
1709 3026 1780 3094 sive
1804 3046 1844 3092 ex

186 3135 338 3217 personis
363 3135 530 3202 extraneis
553 3135 588 3201 in
611 3139 781 3216 posterum
805 3133 1005 3213 prebendam
1028 3137 1063 3196 et
1086 3131 1313 3198 canonicatum
1337 3131 1370 3199 in
1395 3140 1510 3200 nostra
1533 3133 1673 3201 ecclesia
1696 3137 1736 3202 de
1759 3153 1843 3202 novo
1887 3127 1889 3131 ’

186 3241 330 3309 fundare
361 3249 420 3308 aut
451 3261 565 3308 creare
596 3239 763 3308 curaverit
794 3237 961 3306 humiliter
992 3244 1128 3321 propter
1159 3242 1262 3322 deum,
1288 3240 1373 3306 idem
1400 3239 1558 3307 fundator
1581 3243 1781 3324 prebendam
1804 3244 1843 3307 de

186 3349 257 3416 suis
287 3348 382 3415 bonis
413 3352 453 3415 de
483 3369 568 3417 novo
599 3347 789 3414 institutum
820 3365 879 3413 sen
909 3352 1065 3426 creatam,
1091 3345 1244 3426 quamdiu
1275 3347 1345 3428 ipse
1372 3347 1505 3429 vixerit,
1530 3347 1684 3429 quociens
1708 3351 1844 3416 eandem

185 3458 389 3540 prebendam
420 3475 542 3523 vacare
573 3453 760 3539 contigerit,
786 3452 908 3537 poterit
939 3458 973 3519 11
1004 3452 1139 3518 debebit
1169 3473 1240 3520 eam
1265 3471 1336 3521 cum
1360 3455 1493 3539 integra
1517 3455 1757 3539 assignacione,
1770 3475 1844 3538 pro-

186 3567 357 3656 venturum,
382 3562 618 3631 obvencionum
649 3570 684 3629 11
713 3561 880 3628 fructuum
907 3557 1058 3626 conferre
1082 3578 1230 3642 persone,
1256 3561 1309 3628 cui
1332 3562 1483 3644 voluerit,
1509 3566 1679 3629 dummodo
1704 3581 1845 3644 persona

185 3672 319 3753 ydonea
349 3669 393 3736 sit
423 3673 466 3736 ad
496 3670 719 3752 recipiendum
749 3687 863 3736 sacros
894 3666 1024 3764 ordines
1055 3673 1087 3732 et
1119 3667 1378 3734 ecclesiasticum
1408 3669 1599 3737 beneficium
1623 3669 1843 3754 obtinendum,

187 3783 304 3842 nostro
337 3775 481 3859 capitulo
516 3777 647 3843 minime
679 3776 890 3842 reclamante.
938 3775 1078 3855 Insuper
1111 3775 1285 3842 statuimus
1319 3784 1353 3842 et
1385 3775 1587 3856 ordinamus,
1621 3779 1706 3858 quod
1740 3777 1845 3844 nostri

187 3883 340 3951 canonici
370 3889 404 3950 et
434 3883 551 3950 vicarii
580 3884 614 3950 in
638 3882 821 3966 presenciis
846 3881 993 3964 equalem
1017 3881 1162 3948 habeant
1186 3882 1382 3965 porcionem,
1408 3883 1595 3952 oblaciones
1619 3904 1756 3966 quoque,
1782 3904 1844 3966 que

187 3991 222 4057 in
257 3989 362 4073 prima
395 3997 429 4058 et
461 3993 606 4058 secunda
639 3988 828 4058 nativitatis
861 3988 982 4055 domini
1013 3987 1122 4056 missis
1153 3990 1263 4057 oblate
1294 3987 1427 4074 fuerint,
1451 3991 1540 4058 inter
1570 3998 1741 4074 presentes
1771 4011 1844 4072 pre-

188 4096 376 4164 senciarum
406 4097 535 4164 nomine
559 4096 758 4167 dividantur.
807 4098 878 4164 Has
902 4094 1015 4177 itaque
1039 4095 1303 4179 constitutiones,
1330 4097 1557 4165 ordinaciones
1581 4105 1614 4164 et
1639 4098 1844 4166 condiciones

187 4223 251 4271 nos
285 4202 409 4288 prelati
444 4205 639 4272 fundatores
669 4203 850 4271 iuravimus
881 4211 914 4270 11
945 4201 1052 4270 nostri
1081 4222 1289 4272 successores
1320 4205 1470 4272 similiter
1499 4205 1533 4273 in
1563 4225 1624 4272 sua
1654 4207 1844 4288 recepcione
1922 4279 1924 4284 ,

185 4312 347 4377 iurabant
371 4315 502 4378 easdem
526 4311 763 4379 inviolabiliter
787 4313 974 4378 observare.
1022 4311 1062 4375 In
1085 4310 1306 4378 testimonium
1331 4319 1440 4380 autem
1457 4312 1598 4380 omnium
1614 4314 1845 4397 premissorum

187 4423 222 4485 et
255 4418 457 4486 evidenciam
488 4417 677 4501 ampliorem
708 4416 852 4501 sigillum
881 4417 987 4484 nostri
1018 4416 1155 4498 capituli
1178 4419 1387 4500 presentibus
1410 4419 1561 4486 duximus
1584 4421 1843 4503 appendendum.

184 4527 279 4592 Acta
302 4532 379 4591 sunt
402 4527 463 4592 hec
487 4532 521 4592 et
545 4525 699 4591 condicta
723 4544 809 4592 anno
834 4523 955 4591 domini
977 4522 1018 4590 rb.
1042 4519 1108 4591 idi.
1129 4505 1251 4608 XVI'I,
1276 4506 1354 4592 Xli.
1379 4528 1539 4594 kalendas
1563 4527 1705 4612 augusti.
1788 4527 1797 4545 ⁸

407 4669 453 4726 Or.
466 4669 555 4738 Ppmt.
593 4670 655 4724 Dos
672 4668 839 4739 111111111ρά
856 4669 942 4739 111191
960 4669 1122 4722 εινὸνοοὴενι
1139 4685 1184 4722 on.
1222 4667 1308 4725 Sed.
1323 4669 1612 4735 FaLeonbordootdtl
1630 4671 1758 4726 1111167.

406 4757 505 4814 01111..·
524 4759 568 4824 B,
587 4761 640 4813 435
659 4759 730 4813 oocb
748 4758 807 4812 dem
829 4757 875 4812 Or.
897 4799 901 4810 .

186 5047 256 5123 75.
282 5053 478 5135 Erebiscbof
501 5053 591 5119 Peter
614 5073 674 5118 voa
696 5053 813 5118 Motae
835 5054 1012 5137 penebmipt
1034 5055 1084 5119 dic
1106 5053 1305 5141 Ermcbtoap
1329 5059 1412 5120 111111
1434 5055 1701 5139 Kollcpiotsta'ftes
1724 5077 1767 5122 aa
1789 5056 1845 5121 der

280 5160 400 5227 Kirobe
423 5182 483 5226 oon
505 5161 550 5227 St.
568 5159 683 5226 Morio
705 5160 773 5224 ond
795 5159 840 5226 St.
861 5160 966 5244 Georq
989 5165 1024 5224 tn
1044 5159 1229 5243 Fronbfort
1252 5163 1353 5228 drcrcb
1376 5162 1475 5245 ewdlf
1495 5169 1649 5248 peccante
1667 5163 1843 5243 6111111111,

281 5269 392 5334 welche
415 5291 448 5333 er
470 5269 609 5334 doselbst
632 5268 683 5334 als
706 5266 894 5333 Koaonibcr
917 5271 1053 5347 11111111,
1078 5269 1183 5332 tndem
1206 5291 1240 5333 cr
1261 5270 1404 5355 11911111
1427 5270 1487 5336 dos
1510 5293 1587 5336 neue
1610 5270 1845 5356 Kolleqiotstc'ft

280 5379 315 5439 in
338 5379 422 5442 scine
444 5376 510 5441 uod
532 5377 589 5441 der
605 5375 756 5442 oraim-r
771 5373 892 5440 Kircbc
907 5374 1142 5460 Besobirmonq
1165 5377 1231 5440 aad
1243 5377 1489 5462 Vertteottqoaq
1505 5380 1623 5442 nirrtmt.
1657 5377 1844 5460 1111111111-

281 5483 373 5568 bury,
398 5487 488 5548 1317
508 5483 582 5549 Jult
603 5488 657 5548 22.

298 5597 339 5662 In
355 5597 483 5664 nomine
499 5597 629 5681 domini,
648 5617 751 5668 amen.
796 5600 915 5666 Petrus
932 5597 984 5666 dei
999 5599 1112 5684 grecia
1128 5606 1243 5667 sancte
1258 5598 1449 5683 Mogontine
1465 5597 1551 5666 sedis
1568 5599 1842 5682 archiepiscopus,

187 5703 280 5771 sacri
309 5703 437 5787 imperii
467 5725 526 5788 per
549 5704 762 5773 Germaniam
792 5704 1111 5773 archicancellarius.
1159 5706 1250 5773 Bone
1281 5706 1329 5772 rei
1344 5705 1372 5793 11
1389 5709 1468 5774 dare
1499 5707 1644 5774 cultum·
1668 5713 1702 5771 et
1733 5712 1844 5771 eterne

465 5843 583 5890 Vardacate
596 5856 642 5889 oon
656 5843 701 5888 No.
712 5847 791 5889 edla:
811 5851 837 5896 a)
851 5845 1022 5898 ,oomultomt
