<?xml version="1.0" encoding="UTF-8"?>
<!DOCTYPE html PUBLIC "-//W3C//DTD XHTML 1.0 Transitional//EN"
    "http://www.w3.org/TR/xhtml1/DTD/xhtml1-transitional.dtd">
<html xmlns="http://www.w3.org/1999/xhtml" xml:lang="en" lang="en">
 <head>
  <title>
</title>
<meta http-equiv="Content-Type" content="text/html;charset=utf-8" />
  <meta name='ocr-system' content='tesseract 3.04.00' />
  <meta name='ocr-capabilities' content='ocr_page ocr_carea ocr_par ocr_line ocrx_word'/>
</head>
<body>
  <div class='ocr_page' id='page_1' title='image "./codexdiplomatic01nathgoog_0044.png"; bbox 0 0 4416 6414; ppageno 0'>
   <div class='ocr_carea' id='block_1_1' title="bbox 323 304 1291 370">
    <p class='ocr_par' dir='ltr' id='par_1_1' title="bbox 323 304 1291 370">
     <span class='ocr_line' id='line_1_1' title="bbox 323 304 1291 370; baseline 0.003 -10"><span class='ocrx_word' id='word_1_1' title='bbox 323 306 366 370; x_wconf 82' lang='lat'>32</span> <span class='ocrx_word' id='word_1_2' title='bbox 1008 305 1077 360; x_wconf 83' lang='lat'>1315</span> <span class='ocrx_word' id='word_1_3' title='bbox 1095 304 1249 362; x_wconf 77' lang='lat' dir='ltr'>November</span> <span class='ocrx_word' id='word_1_4' title='bbox 1267 307 1291 364; x_wconf 82' lang='grc'>7.</span> 
     </span>
    </p>
   </div>
   <div class='ocr_carea' id='block_1_2' title="bbox 234 481 1983 5722">
    <p class='ocr_par' dir='ltr' id='par_1_2' title="bbox 321 481 1983 3155">
     <span class='ocr_line' id='line_1_2' title="bbox 323 481 1980 599; baseline 0.005 -31"><span class='ocrx_word' id='word_1_5' title='bbox 323 523 364 568; x_wconf 89' lang='lat' dir='ltr'>ex</span> <span class='ocrx_word' id='word_1_6' title='bbox 395 501 565 568; x_wconf 79' lang='lat' dir='ltr'>relacione.</span> <span class='ocrx_word' id='word_1_7' title='bbox 617 504 669 586; x_wconf 87' lang='lat'>13)</span> <span class='ocrx_word' id='word_1_8' title='bbox 702 504 807 585; x_wconf 86' lang='lat' dir='ltr'>Super</span> <span class='ocrx_word' id='word_1_9' title='bbox 836 481 932 569; x_wconf 82' lang='lat' dir='ltr'>XIII.</span> <span class='ocrx_word' id='word_1_10' title='bbox 964 503 1103 570; x_wconf 88' lang='lat' dir='ltr'>articulo</span> <span class='ocrx_word' id='word_1_11' title='bbox 1135 503 1241 599; x_wconf 87' lang='lat' dir='ltr'>nescit</span> <span class='ocrx_word' id='word_1_12' title='bbox 1271 524 1353 570; x_wconf 90' lang='lat' dir='ltr'>eum.</span> <span class='ocrx_word' id='word_1_13' title='bbox 1404 508 1548 591; x_wconf 80' lang='grc'>14-15)</span> <span class='ocrx_word' id='word_1_14' title='bbox 1578 507 1682 588; x_wconf 81' lang='lat' dir='ltr'>Super</span> <span class='ocrx_word' id='word_1_15' title='bbox 1706 486 1819 573; x_wconf 88' lang='lat' dir='ltr'>XIIII.</span> <span class='ocrx_word' id='word_1_16' title='bbox 1845 516 1880 573; x_wconf 90' lang='lat' dir='ltr'>et</span> <span class='ocrx_word' id='word_1_17' title='bbox 1904 509 1980 576; x_wconf 84' lang='lat' dir='ltr'>XV.</span> 
     </span>
     <span class='ocr_line' id='line_1_3' title="bbox 322 608 1979 697; baseline 0.003 -21"><span class='ocrx_word' id='word_1_18' title='bbox 322 609 472 676; x_wconf 77' lang='lat' dir='ltr'>articulis</span> <span class='ocrx_word' id='word_1_19' title='bbox 503 608 652 675; x_wconf 90' lang='lat' dir='ltr'>similiter</span> <span class='ocrx_word' id='word_1_20' title='bbox 683 609 790 676; x_wconf 90' lang='lat' dir='ltr'>nescit</span> <span class='ocrx_word' id='word_1_21' title='bbox 819 629 886 676; x_wconf 88' lang='lat' dir='ltr'>eos.</span> <span class='ocrx_word' id='word_1_22' title='bbox 936 609 990 695; x_wconf 91' lang='grc'>16)</span> <span class='ocrx_word' id='word_1_23' title='bbox 1015 613 1119 694; x_wconf 89' lang='lat' dir='ltr'>Super</span> <span class='ocrx_word' id='word_1_24' title='bbox 1147 611 1237 678; x_wconf 91' lang='lat' dir='ltr'>XVI.</span> <span class='ocrx_word' id='word_1_25' title='bbox 1263 612 1403 679; x_wconf 89' lang='lat' dir='ltr'>articulo</span> <span class='ocrx_word' id='word_1_26' title='bbox 1434 612 1514 680; x_wconf 91' lang='lat' dir='ltr'>dicit</span> <span class='ocrx_word' id='word_1_27' title='bbox 1539 617 1577 679; x_wconf 90' lang='lat' dir='ltr'>de</span> <span class='ocrx_word' id='word_1_28' title='bbox 1601 613 1676 696; x_wconf 89' lang='lat' dir='ltr'>biis,</span> <span class='ocrx_word' id='word_1_29' title='bbox 1704 634 1765 695; x_wconf 91' lang='lat' dir='ltr'>que</span> <span class='ocrx_word' id='word_1_30' title='bbox 1788 614 1861 697; x_wconf 90' lang='lat' dir='ltr'>ipse</span> <span class='ocrx_word' id='word_1_31' title='bbox 1885 615 1979 694; x_wconf 81' lang='lat' dir='ltr'>dixit,</span> 
     </span>
     <span class='ocr_line' id='line_1_4' title="bbox 322 699 1979 804; baseline 0.003 -21"><span class='ocrx_word' id='word_1_32' title='bbox 322 717 367 783; x_wconf 91' lang='lat' dir='ltr'>sit</span> <span class='ocrx_word' id='word_1_33' title='bbox 389 715 480 783; x_wconf 88' lang='lat' dir='ltr'>iama</span> <span class='ocrx_word' id='word_1_34' title='bbox 504 699 645 799; x_wconf 86' lang='lat' dir='ltr'>publica.</span> <span class='ocrx_word' id='word_1_35' title='bbox 696 716 841 804; x_wconf 79' lang='lat'>17-25)</span> <span class='ocrx_word' id='word_1_36' title='bbox 868 717 973 800; x_wconf 86' lang='lat' dir='ltr'>Super</span> <span class='ocrx_word' id='word_1_37' title='bbox 996 719 1106 784; x_wconf 92' lang='lat' dir='ltr'>XVII.</span> <span class='ocrx_word' id='word_1_38' title='bbox 1133 725 1166 784; x_wconf 90' lang='lat' dir='ltr'>et</span> <span class='ocrx_word' id='word_1_39' title='bbox 1191 717 1264 786; x_wconf 86' lang='lat' dir='ltr'>aliis</span> <span class='ocrx_word' id='word_1_40' title='bbox 1288 719 1437 786; x_wconf 81' lang='lat' dir='ltr'>articulis</span> <span class='ocrx_word' id='word_1_41' title='bbox 1461 721 1673 803; x_wconf 87' lang='lat' dir='ltr'>sequentibus</span> <span class='ocrx_word' id='word_1_42' title='bbox 1689 741 1791 804; x_wconf 89' lang='lat' dir='ltr'>usque</span> <span class='ocrx_word' id='word_1_43' title='bbox 1809 725 1851 788; x_wconf 90' lang='lat' dir='ltr'>ed</span> <span class='ocrx_word' id='word_1_44' title='bbox 1869 724 1979 788; x_wconf 92' lang='lat' dir='ltr'>XXV.</span> 
     </span>
     <span class='ocr_line' id='line_1_5' title="bbox 322 823 1982 911; baseline 0.004 -22"><span class='ocrx_word' id='word_1_45' title='bbox 322 824 400 891; x_wconf 89' lang='lat' dir='ltr'>dicit</span> <span class='ocrx_word' id='word_1_46' title='bbox 432 823 497 890; x_wconf 89' lang='lat' dir='ltr'>sibi</span> <span class='ocrx_word' id='word_1_47' title='bbox 527 823 627 890; x_wconf 88' lang='lat' dir='ltr'>nichil</span> <span class='ocrx_word' id='word_1_48' title='bbox 651 827 691 890; x_wconf 93' lang='lat' dir='ltr'>de</span> <span class='ocrx_word' id='word_1_49' title='bbox 715 823 796 906; x_wconf 90' lang='lat' dir='ltr'>ipsis</span> <span class='ocrx_word' id='word_1_50' title='bbox 820 832 983 892; x_wconf 80' lang='lat' dir='ltr'>constare.</span> <span class='ocrx_word' id='word_1_51' title='bbox 1031 825 1087 911; x_wconf 77' lang='lat'>25)</span> <span class='ocrx_word' id='word_1_52' title='bbox 1111 827 1216 908; x_wconf 85' lang='lat' dir='ltr'>Super</span> <span class='ocrx_word' id='word_1_53' title='bbox 1239 826 1346 892; x_wconf 87' lang='lat' dir='ltr'>XXV.</span> <span class='ocrx_word' id='word_1_54' title='bbox 1372 827 1512 894; x_wconf 89' lang='lat' dir='ltr'>articulo</span> <span class='ocrx_word' id='word_1_55' title='bbox 1536 828 1626 910; x_wconf 88' lang='lat' dir='ltr'>dicit,</span> <span class='ocrx_word' id='word_1_56' title='bbox 1652 831 1737 910; x_wconf 92' lang='lat' dir='ltr'>quod</span> <span class='ocrx_word' id='word_1_57' title='bbox 1761 849 1825 894; x_wconf 91' lang='lat' dir='ltr'>non</span> <span class='ocrx_word' id='word_1_58' title='bbox 1850 836 1982 896; x_wconf 87' lang='lat' dir='ltr'>constet</span> 
     </span>
     <span class='ocr_line' id='line_1_6' title="bbox 325 931 1983 1017; baseline 0.003 -20"><span class='ocrx_word' id='word_1_59' title='bbox 325 931 398 1014; x_wconf 90' lang='lat' dir='ltr'>sibi,</span> <span class='ocrx_word' id='word_1_60' title='bbox 425 931 452 998; x_wconf 90' lang='lat' dir='ltr'>si</span> <span class='ocrx_word' id='word_1_61' title='bbox 476 935 622 998; x_wconf 88' lang='lat' dir='ltr'>decanus</span> <span class='ocrx_word' id='word_1_62' title='bbox 646 939 680 998; x_wconf 94' lang='lat' dir='ltr'>et</span> <span class='ocrx_word' id='word_1_63' title='bbox 704 931 883 1013; x_wconf 90' lang='lat' dir='ltr'>capitulum</span> <span class='ocrx_word' id='word_1_64' title='bbox 907 931 1018 1013; x_wconf 84' lang='lat' dir='ltr'>abque</span> <span class='ocrx_word' id='word_1_65' title='bbox 1041 931 1115 999; x_wconf 90' lang='lat' dir='ltr'>iura</span> <span class='ocrx_word' id='word_1_66' title='bbox 1139 933 1311 1014; x_wconf 84' lang='lat' dir='ltr'>parrochie</span> <span class='ocrx_word' id='word_1_67' title='bbox 1335 933 1399 1001; x_wconf 89' lang='lat' dir='ltr'>sibi</span> <span class='ocrx_word' id='word_1_68' title='bbox 1421 942 1582 1017; x_wconf 89' lang='lat' dir='ltr'>usurpent</span> <span class='ocrx_word' id='word_1_69' title='bbox 1607 943 1724 1001; x_wconf 88' lang='lat' dir='ltr'>contra</span> <span class='ocrx_word' id='word_1_70' title='bbox 1747 935 1911 1002; x_wconf 89' lang='lat' dir='ltr'>iusticiam</span> <span class='ocrx_word' id='word_1_71' title='bbox 1927 937 1983 1002; x_wconf 94' lang='lat' dir='ltr'>vel</span> 
     </span>
     <span class='ocr_line' id='line_1_7' title="bbox 321 1038 1982 1128; baseline 0.002 -24"><span class='ocrx_word' id='word_1_72' title='bbox 321 1039 355 1104; x_wconf 90' lang='lat' dir='ltr'>in</span> <span class='ocrx_word' id='word_1_73' title='bbox 386 1038 490 1121; x_wconf 87' lang='lat' dir='ltr'>ipsius</span> <span class='ocrx_word' id='word_1_74' title='bbox 522 1039 654 1122; x_wconf 87' lang='lat' dir='ltr'>plebani</span> <span class='ocrx_word' id='word_1_75' title='bbox 684 1038 907 1120; x_wconf 89' lang='lat' dir='ltr'>preiudicium.</span> <span class='ocrx_word' id='word_1_76' title='bbox 962 1039 1017 1124; x_wconf 82' lang='lat'>26)</span> <span class='ocrx_word' id='word_1_77' title='bbox 1047 1039 1152 1122; x_wconf 83' lang='lat' dir='ltr'>Super</span> <span class='ocrx_word' id='word_1_78' title='bbox 1177 1041 1305 1106; x_wconf 87' lang='lat' dir='ltr'>XXVI.</span> <span class='ocrx_word' id='word_1_79' title='bbox 1340 1040 1479 1108; x_wconf 90' lang='lat' dir='ltr'>articulo</span> <span class='ocrx_word' id='word_1_80' title='bbox 1510 1043 1616 1108; x_wconf 91' lang='lat' dir='ltr'>nescit</span> <span class='ocrx_word' id='word_1_81' title='bbox 1646 1062 1728 1108; x_wconf 90' lang='lat' dir='ltr'>eum.</span> <span class='ocrx_word' id='word_1_82' title='bbox 1788 1043 1845 1128; x_wconf 79' lang='lat'>27)</span> <span class='ocrx_word' id='word_1_83' title='bbox 1876 1044 1982 1125; x_wconf 83' lang='lat' dir='ltr'>Super</span> 
     </span>
     <span class='ocr_line' id='line_1_8' title="bbox 326 1145 1982 1243; baseline 0.001 -31"><span class='ocrx_word' id='word_1_84' title='bbox 326 1147 472 1213; x_wconf 87' lang='lat' dir='ltr'>XXVII.</span> <span class='ocrx_word' id='word_1_85' title='bbox 490 1146 629 1212; x_wconf 88' lang='lat' dir='ltr'>articulo</span> <span class='ocrx_word' id='word_1_86' title='bbox 654 1146 771 1226; x_wconf 89' lang='lat' dir='ltr'>nescit,</span> <span class='ocrx_word' id='word_1_87' title='bbox 797 1145 825 1213; x_wconf 91' lang='lat' dir='ltr'>si</span> <span class='ocrx_word' id='word_1_88' title='bbox 848 1146 918 1228; x_wconf 87' lang='lat' dir='ltr'>ipse</span> <span class='ocrx_word' id='word_1_89' title='bbox 943 1149 1087 1212; x_wconf 89' lang='lat' dir='ltr'>decanus</span> <span class='ocrx_word' id='word_1_90' title='bbox 1112 1153 1145 1212; x_wconf 89' lang='lat' dir='ltr'>et</span> <span class='ocrx_word' id='word_1_91' title='bbox 1169 1146 1347 1243; x_wconf 85' lang='lat' dir='ltr'>capitulum</span> <span class='ocrx_word' id='word_1_92' title='bbox 1373 1148 1435 1214; x_wconf 90' lang='lat' dir='ltr'>sibi</span> <span class='ocrx_word' id='word_1_93' title='bbox 1451 1148 1597 1214; x_wconf 88' lang='lat' dir='ltr'>indebite</span> <span class='ocrx_word' id='word_1_94' title='bbox 1615 1149 1798 1230; x_wconf 91' lang='lat' dir='ltr'>prohibent.</span> <span class='ocrx_word' id='word_1_95' title='bbox 1834 1151 1982 1234; x_wconf 81' lang='lat'>28-32)</span> 
     </span>
     <span class='ocr_line' id='line_1_9' title="bbox 321 1236 1979 1338; baseline 0.002 -18"><span class='ocrx_word' id='word_1_96' title='bbox 321 1255 427 1336; x_wconf 89' lang='lat' dir='ltr'>Super</span> <span class='ocrx_word' id='word_1_97' title='bbox 452 1253 629 1335; x_wconf 77' lang='lat' dir='ltr'>xxvrn,</span> <span class='ocrx_word' id='word_1_98' title='bbox 658 1254 805 1337; x_wconf 84' lang='lat' dir='ltr'>XXIX,</span> <span class='ocrx_word' id='word_1_99' title='bbox 835 1255 964 1336; x_wconf 69' lang='lat' dir='ltr'>XXX,</span> <span class='ocrx_word' id='word_1_100' title='bbox 989 1255 1123 1320; x_wconf 86' lang='lat' dir='ltr'>XXXI.</span> <span class='ocrx_word' id='word_1_101' title='bbox 1149 1261 1182 1320; x_wconf 90' lang='lat' dir='ltr'>et</span> <span class='ocrx_word' id='word_1_102' title='bbox 1204 1236 1353 1320; x_wconf 86' lang='lat' dir='ltr'>XXXII.</span> <span class='ocrx_word' id='word_1_103' title='bbox 1375 1255 1523 1322; x_wconf 76' lang='lat' dir='ltr'>artitulis</span> <span class='ocrx_word' id='word_1_104' title='bbox 1541 1255 1631 1337; x_wconf 88' lang='lat' dir='ltr'>dicit,</span> <span class='ocrx_word' id='word_1_105' title='bbox 1649 1259 1734 1338; x_wconf 91' lang='lat' dir='ltr'>quod</span> <span class='ocrx_word' id='word_1_106' title='bbox 1751 1259 1875 1337; x_wconf 88' lang='lat' dir='ltr'>credat,</span> <span class='ocrx_word' id='word_1_107' title='bbox 1893 1259 1979 1338; x_wconf 87' lang='lat' dir='ltr'>quod</span> 
     </span>
     <span class='ocr_line' id='line_1_10' title="bbox 322 1360 1982 1446; baseline 0.002 -20"><span class='ocrx_word' id='word_1_108' title='bbox 322 1361 413 1427; x_wconf 89' lang='lat' dir='ltr'>dicta</span> <span class='ocrx_word' id='word_1_109' title='bbox 443 1360 573 1442; x_wconf 86' lang='lat' dir='ltr'>altaria,</span> <span class='ocrx_word' id='word_1_110' title='bbox 605 1363 644 1426; x_wconf 90' lang='lat' dir='ltr'>de</span> <span class='ocrx_word' id='word_1_111' title='bbox 677 1361 793 1442; x_wconf 90' lang='lat' dir='ltr'>quibus</span> <span class='ocrx_word' id='word_1_112' title='bbox 820 1360 998 1442; x_wconf 89' lang='lat' dir='ltr'>loquuntur</span> <span class='ocrx_word' id='word_1_113' title='bbox 1023 1361 1164 1442; x_wconf 89' lang='lat' dir='ltr'>articuli,</span> <span class='ocrx_word' id='word_1_114' title='bbox 1190 1360 1258 1427; x_wconf 87' lang='lat' dir='ltr'>siut</span> <span class='ocrx_word' id='word_1_115' title='bbox 1280 1360 1369 1428; x_wconf 84' lang='lat' dir='ltr'>inira</span> <span class='ocrx_word' id='word_1_116' title='bbox 1393 1371 1521 1444; x_wconf 86' lang='lat' dir='ltr'>tempus</span> <span class='ocrx_word' id='word_1_117' title='bbox 1544 1363 1578 1429; x_wconf 85' lang='lat' dir='ltr'>In</span> <span class='ocrx_word' id='word_1_118' title='bbox 1602 1362 1649 1430; x_wconf 90' lang='lat' dir='ltr'>eis</span> <span class='ocrx_word' id='word_1_119' title='bbox 1674 1383 1864 1446; x_wconf 87' lang='lat' dir='ltr'>expressum</span> <span class='ocrx_word' id='word_1_120' title='bbox 1887 1361 1982 1430; x_wconf 84' lang='lat' dir='ltr'>iacta</span> 
     </span>
     <span class='ocr_line' id='line_1_11' title="bbox 322 1467 1982 1551; baseline 0.002 -17"><span class='ocrx_word' id='word_1_121' title='bbox 322 1476 356 1534; x_wconf 90' lang='grc'>01</span> <span class='ocrx_word' id='word_1_122' title='bbox 380 1470 506 1549; x_wconf 87' lang='lat' dir='ltr'>dotata,</span> <span class='ocrx_word' id='word_1_123' title='bbox 532 1473 741 1550; x_wconf 86' lang='lat' dir='ltr'>preterquam</span> <span class='ocrx_word' id='word_1_124' title='bbox 766 1469 873 1534; x_wconf 89' lang='lat' dir='ltr'>altare</span> <span class='ocrx_word' id='word_1_125' title='bbox 896 1475 1011 1534; x_wconf 91' lang='lat' dir='ltr'>sancte</span> <span class='ocrx_word' id='word_1_126' title='bbox 1026 1467 1208 1534; x_wconf 89' lang='lat' dir='ltr'>Katberine</span> <span class='ocrx_word' id='word_1_127' title='bbox 1233 1475 1267 1533; x_wconf 90' lang='lat' dir='ltr'>et</span> <span class='ocrx_word' id='word_1_128' title='bbox 1290 1475 1404 1534; x_wconf 92' lang='lat' dir='ltr'>sancte</span> <span class='ocrx_word' id='word_1_129' title='bbox 1421 1469 1536 1551; x_wconf 84' lang='lat' dir='ltr'>Maris,</span> <span class='ocrx_word' id='word_1_130' title='bbox 1562 1489 1624 1550; x_wconf 88' lang='lat' dir='ltr'>que</span> <span class='ocrx_word' id='word_1_131' title='bbox 1648 1469 1728 1536; x_wconf 92' lang='lat' dir='ltr'>dicit</span> <span class='ocrx_word' id='word_1_132' title='bbox 1751 1489 1823 1536; x_wconf 89' lang='lat' dir='ltr'>esse</span> <span class='ocrx_word' id='word_1_133' title='bbox 1839 1467 1982 1536; x_wconf 82' lang='lat' dir='ltr'>lundata</span> 
     </span>
     <span class='ocr_line' id='line_1_12' title="bbox 322 1573 1980 1659; baseline 0 -18"><span class='ocrx_word' id='word_1_134' title='bbox 322 1583 400 1642; x_wconf 90' lang='lat' dir='ltr'>ante</span> <span class='ocrx_word' id='word_1_135' title='bbox 424 1581 563 1656; x_wconf 90' lang='lat' dir='ltr'>tempus,</span> <span class='ocrx_word' id='word_1_136' title='bbox 589 1595 651 1656; x_wconf 88' lang='lat' dir='ltr'>quo</span> <span class='ocrx_word' id='word_1_137' title='bbox 677 1575 749 1656; x_wconf 91' lang='lat' dir='ltr'>ipse</span> <span class='ocrx_word' id='word_1_138' title='bbox 774 1575 943 1640; x_wconf 91' lang='lat' dir='ltr'>recordari</span> <span class='ocrx_word' id='word_1_139' title='bbox 965 1581 1085 1656; x_wconf 89' lang='lat' dir='ltr'>potest,</span> <span class='ocrx_word' id='word_1_140' title='bbox 1111 1573 1191 1640; x_wconf 92' lang='lat' dir='ltr'>dicit</span> <span class='ocrx_word' id='word_1_141' title='bbox 1214 1573 1327 1654; x_wconf 90' lang='lat' dir='ltr'>eciam,</span> <span class='ocrx_word' id='word_1_142' title='bbox 1353 1577 1439 1656; x_wconf 88' lang='lat' dir='ltr'>quod</span> <span class='ocrx_word' id='word_1_143' title='bbox 1460 1579 1622 1657; x_wconf 88' lang='lat' dir='ltr'>quondam</span> <span class='ocrx_word' id='word_1_144' title='bbox 1638 1577 1803 1658; x_wconf 82' lang='lat' dir='ltr'>Erpertus</span> <span class='ocrx_word' id='word_1_145' title='bbox 1819 1577 1980 1659; x_wconf 87' lang='lat' dir='ltr'>plebanus</span> 
     </span>
     <span class='ocr_line' id='line_1_13' title="bbox 323 1680 1982 1762; baseline 0.001 -15"><span class='ocrx_word' id='word_1_146' title='bbox 323 1681 515 1748; x_wconf 83' lang='lat' dir='ltr'>fundaverit</span> <span class='ocrx_word' id='word_1_147' title='bbox 546 1688 579 1748; x_wconf 91' lang='lat' dir='ltr'>et</span> <span class='ocrx_word' id='word_1_148' title='bbox 610 1681 776 1748; x_wconf 89' lang='lat' dir='ltr'>dotaverit</span> <span class='ocrx_word' id='word_1_149' title='bbox 807 1682 914 1748; x_wconf 90' lang='lat' dir='ltr'>altare</span> <span class='ocrx_word' id='word_1_150' title='bbox 944 1681 1052 1748; x_wconf 89' lang='lat' dir='ltr'>sancti</span> <span class='ocrx_word' id='word_1_151' title='bbox 1076 1681 1249 1762; x_wconf 75' lang='lat' dir='ltr'>lobannis,</span> <span class='ocrx_word' id='word_1_152' title='bbox 1279 1680 1370 1748; x_wconf 87' lang='lat' dir='ltr'>cuius</span> <span class='ocrx_word' id='word_1_153' title='bbox 1395 1682 1603 1749; x_wconf 86' lang='lat' dir='ltr'>collacIonem</span> <span class='ocrx_word' id='word_1_154' title='bbox 1627 1683 1661 1748; x_wconf 94' lang='lat' dir='ltr'>in</span> <span class='ocrx_word' id='word_1_155' title='bbox 1686 1685 1844 1750; x_wconf 89' lang='lat' dir='ltr'>decanum</span> <span class='ocrx_word' id='word_1_156' title='bbox 1868 1690 1902 1748; x_wconf 91' lang='lat' dir='ltr'>et</span> <span class='ocrx_word' id='word_1_157' title='bbox 1925 1703 1982 1748; x_wconf 89' lang='lat' dir='ltr'>ca-</span> 
     </span>
     <span class='ocr_line' id='line_1_14' title="bbox 322 1787 1981 1872; baseline 0 -18"><span class='ocrx_word' id='word_1_158' title='bbox 322 1789 461 1872; x_wconf 93' lang='lat' dir='ltr'>pitulum</span> <span class='ocrx_word' id='word_1_159' title='bbox 492 1789 628 1854; x_wconf 88' lang='lat' dir='ltr'>ecclesie</span> <span class='ocrx_word' id='word_1_160' title='bbox 659 1789 806 1870; x_wconf 90' lang='lat' dir='ltr'>predicte</span> <span class='ocrx_word' id='word_1_161' title='bbox 838 1787 1019 1871; x_wconf 84' lang='lat' dir='ltr'>transtulit,</span> <span class='ocrx_word' id='word_1_162' title='bbox 1052 1791 1108 1854; x_wconf 89' lang='lat' dir='ltr'>sed</span> <span class='ocrx_word' id='word_1_163' title='bbox 1141 1788 1213 1870; x_wconf 85' lang='lat' dir='ltr'>quis</span> <span class='ocrx_word' id='word_1_164' title='bbox 1237 1788 1340 1870; x_wconf 89' lang='lat' dir='ltr'>primo</span> <span class='ocrx_word' id='word_1_165' title='bbox 1364 1789 1470 1870; x_wconf 91' lang='lat' dir='ltr'>ipsum</span> <span class='ocrx_word' id='word_1_166' title='bbox 1495 1789 1601 1855; x_wconf 90' lang='lat' dir='ltr'>altare</span> <span class='ocrx_word' id='word_1_167' title='bbox 1625 1790 1812 1872; x_wconf 89' lang='lat' dir='ltr'>contulerit,</span> <span class='ocrx_word' id='word_1_168' title='bbox 1842 1789 1921 1855; x_wconf 89' lang='lat' dir='ltr'>dicit</span> <span class='ocrx_word' id='word_1_169' title='bbox 1945 1810 1981 1854; x_wconf 93' lang='lat' dir='ltr'>se</span> 
     </span>
     <span class='ocr_line' id='line_1_15' title="bbox 326 1895 1980 1980; baseline 0.001 -20"><span class='ocrx_word' id='word_1_170' title='bbox 326 1895 489 1980; x_wconf 87' lang='lat' dir='ltr'>ignorare.</span> <span class='ocrx_word' id='word_1_171' title='bbox 538 1897 621 1963; x_wconf 89' lang='lat' dir='ltr'>Item</span> <span class='ocrx_word' id='word_1_172' title='bbox 652 1895 741 1978; x_wconf 88' lang='lat' dir='ltr'>dicit,</span> <span class='ocrx_word' id='word_1_173' title='bbox 768 1898 853 1977; x_wconf 92' lang='lat' dir='ltr'>quod</span> <span class='ocrx_word' id='word_1_174' title='bbox 884 1898 1046 1976; x_wconf 85' lang='lat' dir='ltr'>quondam</span> <span class='ocrx_word' id='word_1_175' title='bbox 1070 1897 1252 1978; x_wconf 87' lang='lat' dir='ltr'>Dytmarus</span> <span class='ocrx_word' id='word_1_176' title='bbox 1281 1895 1440 1977; x_wconf 89' lang='lat' dir='ltr'>plebanus</span> <span class='ocrx_word' id='word_1_177' title='bbox 1464 1897 1798 1978; x_wconf 77' lang='lat' dir='ltr'>Franckinforclcasts</span> <span class='ocrx_word' id='word_1_178' title='bbox 1821 1896 1980 1964; x_wconf 83' lang='lat' dir='ltr'>vicariam</span> 
     </span>
     <span class='ocr_line' id='line_1_16' title="bbox 323 2001 1980 2086; baseline 0.001 -18"><span class='ocrx_word' id='word_1_179' title='bbox 323 2023 422 2069; x_wconf 91' lang='lat' dir='ltr'>unam</span> <span class='ocrx_word' id='word_1_180' title='bbox 450 2002 484 2068; x_wconf 93' lang='lat' dir='ltr'>in</span> <span class='ocrx_word' id='word_1_181' title='bbox 516 2003 616 2069; x_wconf 89' lang='lat' dir='ltr'>altari</span> <span class='ocrx_word' id='word_1_182' title='bbox 646 2010 761 2070; x_wconf 90' lang='lat' dir='ltr'>sancte</span> <span class='ocrx_word' id='word_1_183' title='bbox 792 2003 898 2068; x_wconf 91' lang='lat' dir='ltr'>crucis</span> <span class='ocrx_word' id='word_1_184' title='bbox 928 2002 962 2067; x_wconf 91' lang='lat' dir='ltr'>in</span> <span class='ocrx_word' id='word_1_185' title='bbox 994 2001 1134 2068; x_wconf 87' lang='lat' dir='ltr'>ecclesia</span> <span class='ocrx_word' id='word_1_186' title='bbox 1164 2003 1480 2084; x_wconf 76' lang='lat' dir='ltr'>Francktafordeasi</span> <span class='ocrx_word' id='word_1_187' title='bbox 1511 2001 1669 2085; x_wconf 87' lang='lat' dir='ltr'>instituit,</span> <span class='ocrx_word' id='word_1_188' title='bbox 1695 2005 1752 2070; x_wconf 89' lang='lat' dir='ltr'>sed</span> <span class='ocrx_word' id='word_1_189' title='bbox 1776 2010 1886 2069; x_wconf 88' lang='lat' dir='ltr'>utrum</span> <span class='ocrx_word' id='word_1_190' title='bbox 1907 2003 1980 2086; x_wconf 88' lang='lat' dir='ltr'>ipse</span> 
     </span>
     <span class='ocr_line' id='line_1_17' title="bbox 323 2107 1978 2192; baseline -0.002 -15"><span class='ocrx_word' id='word_1_191' title='bbox 323 2110 377 2177; x_wconf 93' lang='lat' dir='ltr'>vel</span> <span class='ocrx_word' id='word_1_192' title='bbox 400 2112 544 2176; x_wconf 89' lang='lat' dir='ltr'>decanus</span> <span class='ocrx_word' id='word_1_193' title='bbox 569 2117 602 2176; x_wconf 93' lang='lat' dir='ltr'>et</span> <span class='ocrx_word' id='word_1_194' title='bbox 625 2110 805 2192; x_wconf 90' lang='lat' dir='ltr'>capitulum</span> <span class='ocrx_word' id='word_1_195' title='bbox 829 2108 965 2176; x_wconf 90' lang='lat' dir='ltr'>ecclesie</span> <span class='ocrx_word' id='word_1_196' title='bbox 990 2109 1137 2190; x_wconf 88' lang='lat' dir='ltr'>predicte</span> <span class='ocrx_word' id='word_1_197' title='bbox 1154 2110 1307 2174; x_wconf 86' lang='lat' dir='ltr'>Cunrado</span> <span class='ocrx_word' id='word_1_198' title='bbox 1324 2107 1515 2189; x_wconf 88' lang='lat' dir='ltr'>camerario,</span> <span class='ocrx_word' id='word_1_199' title='bbox 1539 2108 1593 2189; x_wconf 91' lang='lat' dir='ltr'>qui</span> <span class='ocrx_word' id='word_1_200' title='bbox 1609 2129 1682 2175; x_wconf 90' lang='lat' dir='ltr'>eam</span> <span class='ocrx_word' id='word_1_201' title='bbox 1699 2110 1805 2175; x_wconf 89' lang='lat' dir='ltr'>adhuc</span> <span class='ocrx_word' id='word_1_202' title='bbox 1822 2109 1978 2191; x_wconf 87' lang='lat' dir='ltr'>possidet,</span> 
     </span>
     <span class='ocr_line' id='line_1_18' title="bbox 323 2214 1978 2300; baseline -0.002 -17"><span class='ocrx_word' id='word_1_203' title='bbox 323 2215 508 2298; x_wconf 89' lang='lat' dir='ltr'>contulerit,</span> <span class='ocrx_word' id='word_1_204' title='bbox 539 2216 682 2300; x_wconf 80' lang='lat' dir='ltr'>ignorat.</span> <span class='ocrx_word' id='word_1_205' title='bbox 730 2218 785 2296; x_wconf 83' lang='lat'>33)</span> <span class='ocrx_word' id='word_1_206' title='bbox 817 2219 921 2299; x_wconf 89' lang='lat' dir='ltr'>Super</span> <span class='ocrx_word' id='word_1_207' title='bbox 953 2215 1122 2281; x_wconf 87' lang='lat' dir='ltr'>XXXIII.</span> <span class='ocrx_word' id='word_1_208' title='bbox 1155 2214 1295 2282; x_wconf 79' lang='lat' dir='ltr'>articulo</span> <span class='ocrx_word' id='word_1_209' title='bbox 1326 2215 1432 2280; x_wconf 90' lang='lat' dir='ltr'>nescit</span> <span class='ocrx_word' id='word_1_210' title='bbox 1462 2235 1543 2282; x_wconf 93' lang='lat' dir='ltr'>eum.</span> <span class='ocrx_word' id='word_1_211' title='bbox 1592 2215 1648 2300; x_wconf 88' lang='lat'>34)</span> <span class='ocrx_word' id='word_1_212' title='bbox 1678 2216 1784 2298; x_wconf 88' lang='lat' dir='ltr'>Super</span> <span class='ocrx_word' id='word_1_213' title='bbox 1815 2216 1978 2281; x_wconf 88' lang='lat' dir='ltr'>XXXIV.</span> 
     </span>
     <span class='ocr_line' id='line_1_19' title="bbox 322 2320 1981 2406; baseline -0.001 -17"><span class='ocrx_word' id='word_1_214' title='bbox 322 2323 462 2390; x_wconf 88' lang='lat' dir='ltr'>articulo</span> <span class='ocrx_word' id='word_1_215' title='bbox 493 2323 584 2406; x_wconf 82' lang='lat' dir='ltr'>dIcit,</span> <span class='ocrx_word' id='word_1_216' title='bbox 617 2326 703 2404; x_wconf 91' lang='lat' dir='ltr'>quod</span> <span class='ocrx_word' id='word_1_217' title='bbox 733 2323 796 2389; x_wconf 91' lang='lat' dir='ltr'>sibi</span> <span class='ocrx_word' id='word_1_218' title='bbox 826 2329 963 2389; x_wconf 90' lang='lat' dir='ltr'>constet·</span> <span class='ocrx_word' id='word_1_219' title='bbox 986 2325 1080 2404; x_wconf 90' lang='lat' dir='ltr'>bene,</span> <span class='ocrx_word' id='word_1_220' title='bbox 1112 2325 1197 2403; x_wconf 92' lang='lat' dir='ltr'>quod</span> <span class='ocrx_word' id='word_1_221' title='bbox 1227 2321 1391 2404; x_wconf 89' lang='lat' dir='ltr'>recipiunt</span> <span class='ocrx_word' id='word_1_222' title='bbox 1421 2320 1615 2402; x_wconf 73' lang='lat' dir='ltr'>oblaciones</span> <span class='ocrx_word' id='word_1_223' title='bbox 1649 2325 1706 2388; x_wconf 89' lang='lat' dir='ltr'>sed</span> <span class='ocrx_word' id='word_1_224' title='bbox 1729 2330 1839 2388; x_wconf 92' lang='lat' dir='ltr'>utrum</span> <span class='ocrx_word' id='word_1_225' title='bbox 1863 2328 1981 2388; x_wconf 89' lang='lat' dir='ltr'>contra</span> 
     </span>
     <span class='ocr_line' id='line_1_20' title="bbox 322 2429 1978 2514; baseline -0.002 -17"><span class='ocrx_word' id='word_1_226' title='bbox 322 2430 486 2497; x_wconf 90' lang='lat' dir='ltr'>iusticiam</span> <span class='ocrx_word' id='word_1_227' title='bbox 502 2430 556 2496; x_wconf 93' lang='lat' dir='ltr'>vel</span> <span class='ocrx_word' id='word_1_228' title='bbox 578 2450 653 2513; x_wconf 86' lang='lat' dir='ltr'>non,</span> <span class='ocrx_word' id='word_1_229' title='bbox 678 2429 820 2514; x_wconf 84' lang='lat' dir='ltr'>ignorat.</span> <span class='ocrx_word' id='word_1_230' title='bbox 869 2431 1014 2514; x_wconf 83' lang='lat'>35-38)</span> <span class='ocrx_word' id='word_1_231' title='bbox 1033 2430 1138 2512; x_wconf 89' lang='lat' dir='ltr'>Super</span> <span class='ocrx_word' id='word_1_232' title='bbox 1154 2429 1308 2509; x_wconf 75' lang='lat' dir='ltr'>XXXV,</span> <span class='ocrx_word' id='word_1_233' title='bbox 1330 2429 1703 2511; x_wconf 77' lang='lat' dir='ltr'>xxxvr.,xxxv11.</span> <span class='ocrx_word' id='word_1_234' title='bbox 1722 2435 1756 2494; x_wconf 91' lang='lat' dir='ltr'>et</span> <span class='ocrx_word' id='word_1_235' title='bbox 1778 2430 1978 2495; x_wconf 90' lang='lat' dir='ltr'>XXXVIII.</span> 
     </span>
     <span class='ocr_line' id='line_1_21' title="bbox 324 2535 1978 2622; baseline -0.001 -18"><span class='ocrx_word' id='word_1_236' title='bbox 324 2536 473 2604; x_wconf 87' lang='lat' dir='ltr'>articulis</span> <span class='ocrx_word' id='word_1_237' title='bbox 497 2535 647 2603; x_wconf 86' lang='lat' dir='ltr'>similiter</span> <span class='ocrx_word' id='word_1_238' title='bbox 671 2536 775 2602; x_wconf 91' lang='lat' dir='ltr'>nescit</span> <span class='ocrx_word' id='word_1_239' title='bbox 799 2556 864 2602; x_wconf 89' lang='lat' dir='ltr'>eos.</span> <span class='ocrx_word' id='word_1_240' title='bbox 912 2537 969 2622; x_wconf 85' lang='lat'>39)</span> <span class='ocrx_word' id='word_1_241' title='bbox 993 2537 1097 2618; x_wconf 88' lang='lat' dir='ltr'>Super</span> <span class='ocrx_word' id='word_1_242' title='bbox 1123 2535 1292 2602; x_wconf 90' lang='lat' dir='ltr'>XXXIX.</span> <span class='ocrx_word' id='word_1_243' title='bbox 1319 2535 1458 2601; x_wconf 88' lang='lat' dir='ltr'>artIculo</span> <span class='ocrx_word' id='word_1_244' title='bbox 1482 2535 1571 2618; x_wconf 88' lang='lat' dir='ltr'>dicit,</span> <span class='ocrx_word' id='word_1_245' title='bbox 1597 2539 1683 2617; x_wconf 87' lang='lat' dir='ltr'>quod</span> <span class='ocrx_word' id='word_1_246' title='bbox 1708 2539 1823 2602; x_wconf 89' lang='lat' dir='ltr'>credat</span> <span class='ocrx_word' id='word_1_247' title='bbox 1846 2539 1885 2602; x_wconf 92' lang='lat' dir='ltr'>de</span> <span class='ocrx_word' id='word_1_248' title='bbox 1904 2535 1978 2616; x_wconf 84' lang='lat' dir='ltr'>niis,</span> 
     </span>
     <span class='ocr_line' id='line_1_22' title="bbox 323 2641 1977 2728; baseline 0.001 -19"><span class='ocrx_word' id='word_1_249' title='bbox 323 2663 385 2725; x_wconf 89' lang='lat' dir='ltr'>que</span> <span class='ocrx_word' id='word_1_250' title='bbox 397 2643 468 2726; x_wconf 90' lang='lat' dir='ltr'>ipse</span> <span class='ocrx_word' id='word_1_251' title='bbox 482 2643 574 2726; x_wconf 84' lang='lat' dir='ltr'>dlxit,</span> <span class='ocrx_word' id='word_1_252' title='bbox 589 2663 660 2709; x_wconf 92' lang='lat' dir='ltr'>esse</span> <span class='ocrx_word' id='word_1_253' title='bbox 674 2643 838 2726; x_wconf 87' lang='lat' dir='ltr'>pubhcam</span> <span class='ocrx_word' id='word_1_254' title='bbox 849 2641 981 2710; x_wconf 84' lang='lat' dir='ltr'>fernam.</span> <span class='ocrx_word' id='word_1_255' title='bbox 1013 2643 1160 2728; x_wconf 73' lang='lat'>40-45)</span> <span class='ocrx_word' id='word_1_256' title='bbox 1174 2644 1278 2724; x_wconf 87' lang='lat' dir='ltr'>Super</span> <span class='ocrx_word' id='word_1_257' title='bbox 1296 2642 1379 2723; x_wconf 78' lang='lat' dir='ltr'>XL,</span> <span class='ocrx_word' id='word_1_258' title='bbox 1400 2641 1501 2723; x_wconf 77' lang='lat' dir='ltr'>XLI,</span> <span class='ocrx_word' id='word_1_259' title='bbox 1522 2643 1641 2724; x_wconf 77' lang='lat' dir='ltr'>XLII,</span> <span class='ocrx_word' id='word_1_260' title='bbox 1664 2643 1803 2722; x_wconf 81' lang='lat' dir='ltr'>XLIII,</span> <span class='ocrx_word' id='word_1_261' title='bbox 1820 2641 1977 2711; x_wconf 90' lang='lat' dir='ltr'>XLIIII..</span> 
     </span>
     <span class='ocr_line' id='line_1_23' title="bbox 321 2749 1980 2835; baseline 0 -19"><span class='ocrx_word' id='word_1_262' title='bbox 321 2750 424 2816; x_wconf 90' lang='lat' dir='ltr'>XLV.</span> <span class='ocrx_word' id='word_1_263' title='bbox 450 2749 599 2817; x_wconf 87' lang='lat' dir='ltr'>articulis</span> <span class='ocrx_word' id='word_1_264' title='bbox 631 2750 720 2832; x_wconf 91' lang='lat' dir='ltr'>dicit,</span> <span class='ocrx_word' id='word_1_265' title='bbox 753 2753 838 2832; x_wconf 88' lang='lat' dir='ltr'>quod</span> <span class='ocrx_word' id='word_1_266' title='bbox 869 2769 925 2816; x_wconf 92' lang='lat' dir='ltr'>eos</span> <span class='ocrx_word' id='word_1_267' title='bbox 955 2749 1157 2817; x_wconf 88' lang='lat' dir='ltr'>intellexerit</span> <span class='ocrx_word' id='word_1_268' title='bbox 1188 2769 1259 2815; x_wconf 86' lang='lat' dir='ltr'>esse</span> <span class='ocrx_word' id='word_1_269' title='bbox 1288 2769 1385 2816; x_wconf 93' lang='lat' dir='ltr'>veros</span> <span class='ocrx_word' id='word_1_270' title='bbox 1416 2770 1455 2815; x_wconf 89' lang='lat' dir='ltr'>ex</span> <span class='ocrx_word' id='word_1_271' title='bbox 1484 2749 1655 2816; x_wconf 88' lang='lat' dir='ltr'>relacione.</span> <span class='ocrx_word' id='word_1_272' title='bbox 1703 2751 1851 2835; x_wconf 84' lang='lat'>46—49)</span> <span class='ocrx_word' id='word_1_273' title='bbox 1874 2751 1980 2831; x_wconf 87' lang='lat' dir='ltr'>Super</span> 
     </span>
     <span class='ocr_line' id='line_1_24' title="bbox 324 2855 1977 2942; baseline -0.001 -20"><span class='ocrx_word' id='word_1_274' title='bbox 324 2857 457 2940; x_wconf 76' lang='lat' dir='ltr'>XLVI,</span> <span class='ocrx_word' id='word_1_275' title='bbox 484 2857 634 2940; x_wconf 72' lang='lat' dir='ltr'>XLVII,</span> <span class='ocrx_word' id='word_1_276' title='bbox 663 2856 833 2939; x_wconf 80' lang='lat' dir='ltr'>XLVIII,</span> <span class='ocrx_word' id='word_1_277' title='bbox 850 2855 979 2922; x_wconf 87' lang='lat' dir='ltr'>XLIX.</span> <span class='ocrx_word' id='word_1_278' title='bbox 999 2856 1148 2923; x_wconf 84' lang='lat' dir='ltr'>articulis</span> <span class='ocrx_word' id='word_1_279' title='bbox 1165 2856 1254 2938; x_wconf 87' lang='lat' dir='ltr'>dicit,</span> <span class='ocrx_word' id='word_1_280' title='bbox 1280 2875 1315 2922; x_wconf 90' lang='lat' dir='ltr'>se</span> <span class='ocrx_word' id='word_1_281' title='bbox 1331 2856 1421 2938; x_wconf 90' lang='lat' dir='ltr'>ipsos</span> <span class='ocrx_word' id='word_1_282' title='bbox 1437 2855 1601 2940; x_wconf 81' lang='lat' dir='ltr'>ignorare.</span> <span class='ocrx_word' id='word_1_283' title='bbox 1642 2857 1788 2942; x_wconf 81' lang='lat'>50-52)</span> <span class='ocrx_word' id='word_1_284' title='bbox 1806 2855 1911 2938; x_wconf 90' lang='lat' dir='ltr'>Super</span> <span class='ocrx_word' id='word_1_285' title='bbox 1926 2857 1977 2938; x_wconf 78' lang='lat' dir='ltr'>L,</span> 
     </span>
     <span class='ocr_line' id='line_1_25' title="bbox 322 2962 1978 3046; baseline 0.002 -18"><span class='ocrx_word' id='word_1_286' title='bbox 322 2965 378 3029; x_wconf 88' lang='lat' dir='ltr'>LI.</span> <span class='ocrx_word' id='word_1_287' title='bbox 404 2971 438 3030; x_wconf 92' lang='grc'>01</span> <span class='ocrx_word' id='word_1_288' title='bbox 461 2964 535 3029; x_wconf 85' lang='lat' dir='ltr'>LII.</span> <span class='ocrx_word' id='word_1_289' title='bbox 562 2963 711 3030; x_wconf 89' lang='lat' dir='ltr'>articulis</span> <span class='ocrx_word' id='word_1_290' title='bbox 735 2962 826 3046; x_wconf 91' lang='lat' dir='ltr'>dicit,</span> <span class='ocrx_word' id='word_1_291' title='bbox 852 2963 915 3029; x_wconf 88' lang='lat' dir='ltr'>sibi</span> <span class='ocrx_word' id='word_1_292' title='bbox 938 2963 1038 3030; x_wconf 91' lang='lat' dir='ltr'>nichil</span> <span class='ocrx_word' id='word_1_293' title='bbox 1054 2970 1206 3030; x_wconf 88' lang='lat' dir='ltr'>constare</span> <span class='ocrx_word' id='word_1_294' title='bbox 1223 2966 1263 3029; x_wconf 93' lang='lat' dir='ltr'>de</span> <span class='ocrx_word' id='word_1_295' title='bbox 1279 2963 1370 3046; x_wconf 84' lang='lat' dir='ltr'>ipsis,</span> <span class='ocrx_word' id='word_1_296' title='bbox 1388 2963 1452 3030; x_wconf 90' lang='lat' dir='ltr'>nisi</span> <span class='ocrx_word' id='word_1_297' title='bbox 1468 2967 1553 3045; x_wconf 89' lang='lat' dir='ltr'>quod</span> <span class='ocrx_word' id='word_1_298' title='bbox 1570 2962 1733 3030; x_wconf 84' lang='lat' dir='ltr'>intellexit</span> <span class='ocrx_word' id='word_1_299' title='bbox 1749 2984 1790 3030; x_wconf 87' lang='lat' dir='ltr'>ex</span> <span class='ocrx_word' id='word_1_300' title='bbox 1806 2962 1978 3032; x_wconf 89' lang='lat' dir='ltr'>relacione.</span> 
     </span>
     <span class='ocr_line' id='line_1_26' title="bbox 322 3071 997 3155; baseline -0.001 -17"><span class='ocrx_word' id='word_1_301' title='bbox 322 3071 534 3153; x_wconf 84' lang='lat' dir='ltr'>Collocutum‚</span> <span class='ocrx_word' id='word_1_302' title='bbox 560 3073 774 3137; x_wconf 87' lang='lat' dir='ltr'>subornatum</span> <span class='ocrx_word' id='word_1_303' title='bbox 799 3077 861 3139; x_wconf 89' lang='lat' dir='ltr'>etc.</span> <span class='ocrx_word' id='word_1_304' title='bbox 886 3078 997 3155; x_wconf 84' lang='lat' dir='ltr'>negat.</span> 
     </span>
    </p>

    <p class='ocr_par' dir='ltr' id='par_1_3' title="bbox 234 3177 1979 5722">
     <span class='ocr_line' id='line_1_27' title="bbox 429 3177 1979 3260; baseline 0.001 -18"><span class='ocrx_word' id='word_1_305' title='bbox 429 3178 492 3247; x_wconf 93' lang='lat' dir='ltr'>III.</span> <span class='ocrx_word' id='word_1_306' title='bbox 518 3179 601 3245; x_wconf 90' lang='lat' dir='ltr'>Item</span> <span class='ocrx_word' id='word_1_307' title='bbox 627 3177 775 3244; x_wconf 90' lang='lat' dir='ltr'>dominus</span> <span class='ocrx_word' id='word_1_308' title='bbox 798 3179 928 3260; x_wconf 71' lang='lat' dir='ltr'>Petrus</span> <span class='ocrx_word' id='word_1_309' title='bbox 954 3185 1065 3244; x_wconf 90' lang='lat' dir='ltr'>custos</span> <span class='ocrx_word' id='word_1_310' title='bbox 1086 3177 1223 3244; x_wconf 87' lang='lat' dir='ltr'>ecclesie</span> <span class='ocrx_word' id='word_1_311' title='bbox 1240 3177 1581 3260; x_wconf 74' lang='lat' dir='ltr'>Franckiafordcnsts,</span> <span class='ocrx_word' id='word_1_312' title='bbox 1602 3177 1697 3244; x_wconf 91' lang='lat' dir='ltr'>testis</span> <span class='ocrx_word' id='word_1_313' title='bbox 1713 3177 1833 3244; x_wconf 90' lang='lat' dir='ltr'>tertius</span> <span class='ocrx_word' id='word_1_314' title='bbox 1848 3177 1979 3244; x_wconf 89' lang='lat' dir='ltr'>iuratus</span> 
     </span>
     <span class='ocr_line' id='line_1_28' title="bbox 324 3284 1976 3370; baseline -0.001 -18"><span class='ocrx_word' id='word_1_315' title='bbox 324 3294 357 3352; x_wconf 92' lang='lat' dir='ltr'>et</span> <span class='ocrx_word' id='word_1_316' title='bbox 381 3285 569 3367; x_wconf 89' lang='lat' dir='ltr'>requisitus.</span> <span class='ocrx_word' id='word_1_317' title='bbox 618 3285 718 3370; x_wconf 89' lang='grc'>1-2)</span> <span class='ocrx_word' id='word_1_318' title='bbox 735 3286 841 3368; x_wconf 89' lang='lat' dir='ltr'>Super</span> <span class='ocrx_word' id='word_1_319' title='bbox 864 3285 967 3366; x_wconf 82' lang='lat' dir='ltr'>prImo</span> <span class='ocrx_word' id='word_1_320' title='bbox 992 3292 1026 3350; x_wconf 91' lang='lat' dir='ltr'>et</span> <span class='ocrx_word' id='word_1_321' title='bbox 1050 3287 1192 3351; x_wconf 89' lang='lat' dir='ltr'>secundo</span> <span class='ocrx_word' id='word_1_322' title='bbox 1212 3284 1352 3350; x_wconf 89' lang='lat' dir='ltr'>articulo</span> <span class='ocrx_word' id='word_1_323' title='bbox 1369 3284 1458 3367; x_wconf 90' lang='lat' dir='ltr'>dicit,</span> <span class='ocrx_word' id='word_1_324' title='bbox 1477 3287 1561 3366; x_wconf 87' lang='lat' dir='ltr'>quod</span> <span class='ocrx_word' id='word_1_325' title='bbox 1579 3287 1694 3351; x_wconf 91' lang='lat' dir='ltr'>credat</span> <span class='ocrx_word' id='word_1_326' title='bbox 1710 3304 1765 3350; x_wconf 90' lang='lat' dir='ltr'>eos</span> <span class='ocrx_word' id='word_1_327' title='bbox 1782 3303 1854 3350; x_wconf 90' lang='lat' dir='ltr'>esse</span> <span class='ocrx_word' id='word_1_328' title='bbox 1870 3303 1976 3350; x_wconf 83' lang='lat' dir='ltr'>veros</span> 
     </span>
     <span class='ocr_line' id='line_1_29' title="bbox 322 3371 1978 3476; baseline -0.001 -17"><span class='ocrx_word' id='word_1_329' title='bbox 322 3395 356 3476; x_wconf 86' lang='lat'>3)</span> <span class='ocrx_word' id='word_1_330' title='bbox 384 3393 489 3474; x_wconf 92' lang='lat' dir='ltr'>Super</span> <span class='ocrx_word' id='word_1_331' title='bbox 512 3371 575 3457; x_wconf 83' lang='lat' dir='ltr'>III.</span> <span class='ocrx_word' id='word_1_332' title='bbox 602 3391 742 3458; x_wconf 87' lang='lat' dir='ltr'>articulo</span> <span class='ocrx_word' id='word_1_333' title='bbox 767 3391 873 3458; x_wconf 89' lang='lat' dir='ltr'>nescit</span> <span class='ocrx_word' id='word_1_334' title='bbox 897 3411 978 3460; x_wconf 92' lang='lat' dir='ltr'>eum.</span> <span class='ocrx_word' id='word_1_335' title='bbox 1025 3389 1060 3476; x_wconf 87' lang='grc'>4)</span> <span class='ocrx_word' id='word_1_336' title='bbox 1079 3391 1184 3473; x_wconf 87' lang='lat' dir='ltr'>Super</span> <span class='ocrx_word' id='word_1_337' title='bbox 1200 3390 1279 3456; x_wconf 92' lang='lat' dir='ltr'>IIII.</span> <span class='ocrx_word' id='word_1_338' title='bbox 1299 3390 1438 3458; x_wconf 88' lang='lat' dir='ltr'>articulo</span> <span class='ocrx_word' id='word_1_339' title='bbox 1455 3392 1544 3472; x_wconf 88' lang='lat' dir='ltr'>dicit,</span> <span class='ocrx_word' id='word_1_340' title='bbox 1564 3394 1648 3473; x_wconf 88' lang='lat' dir='ltr'>quod</span> <span class='ocrx_word' id='word_1_341' title='bbox 1665 3393 1787 3457; x_wconf 89' lang='lat' dir='ltr'>habeat</span> <span class='ocrx_word' id='word_1_342' title='bbox 1803 3391 1978 3457; x_wconf 90' lang='lat' dir='ltr'>instituere</span> 
     </span>
     <span class='ocr_line' id='line_1_30' title="bbox 323 3497 1978 3584; baseline -0.001 -18"><span class='ocrx_word' id='word_1_343' title='bbox 323 3501 506 3582; x_wconf 87' lang='lat' dir='ltr'>plebanum,</span> <span class='ocrx_word' id='word_1_344' title='bbox 532 3502 608 3564; x_wconf 93' lang='lat' dir='ltr'>dum</span> <span class='ocrx_word' id='word_1_345' title='bbox 631 3504 740 3564; x_wconf 90' lang='lat' dir='ltr'>vacat.</span> <span class='ocrx_word' id='word_1_346' title='bbox 788 3499 822 3584; x_wconf 84' lang='lat'>5)</span> <span class='ocrx_word' id='word_1_347' title='bbox 847 3499 952 3579; x_wconf 87' lang='lat' dir='ltr'>Super</span> <span class='ocrx_word' id='word_1_348' title='bbox 967 3500 1005 3565; x_wconf 93' lang='lat' dir='ltr'>V.</span> <span class='ocrx_word' id='word_1_349' title='bbox 1024 3498 1164 3564; x_wconf 88' lang='lat' dir='ltr'>articulo</span> <span class='ocrx_word' id='word_1_350' title='bbox 1189 3497 1277 3580; x_wconf 88' lang='lat' dir='ltr'>dicit,</span> <span class='ocrx_word' id='word_1_351' title='bbox 1304 3501 1389 3581; x_wconf 87' lang='lat' dir='ltr'>quod</span> <span class='ocrx_word' id='word_1_352' title='bbox 1412 3519 1476 3565; x_wconf 94' lang='lat' dir='ltr'>non</span> <span class='ocrx_word' id='word_1_353' title='bbox 1496 3500 1618 3566; x_wconf 87' lang='lat' dir='ltr'>babeat</span> <span class='ocrx_word' id='word_1_354' title='bbox 1635 3499 1765 3580; x_wconf 89' lang='lat' dir='ltr'>plenum</span> <span class='ocrx_word' id='word_1_355' title='bbox 1782 3498 1978 3564; x_wconf 88' lang='lat' dir='ltr'>exercicium</span> 
     </span>
     <span class='ocr_line' id='line_1_31' title="bbox 322 3604 1977 3687; baseline -0.002 -13"><span class='ocrx_word' id='word_1_356' title='bbox 322 3606 464 3674; x_wconf 92' lang='lat' dir='ltr'>omnium</span> <span class='ocrx_word' id='word_1_357' title='bbox 493 3605 611 3671; x_wconf 92' lang='lat' dir='ltr'>iurium</span> <span class='ocrx_word' id='word_1_358' title='bbox 642 3604 793 3686; x_wconf 90' lang='lat' dir='ltr'>plebanie</span> <span class='ocrx_word' id='word_1_359' title='bbox 823 3624 880 3672; x_wconf 90' lang='lat' dir='ltr'>seu</span> <span class='ocrx_word' id='word_1_360' title='bbox 904 3605 1085 3686; x_wconf 89' lang='lat' dir='ltr'>parrochie,</span> <span class='ocrx_word' id='word_1_361' title='bbox 1116 3605 1192 3686; x_wconf 88' lang='lat' dir='ltr'>quia</span> <span class='ocrx_word' id='word_1_362' title='bbox 1216 3609 1354 3686; x_wconf 88' lang='lat' dir='ltr'>quedam</span> <span class='ocrx_word' id='word_1_363' title='bbox 1379 3613 1456 3672; x_wconf 89' lang='lat' dir='ltr'>sunt</span> <span class='ocrx_word' id='word_1_364' title='bbox 1478 3612 1654 3673; x_wconf 89' lang='lat' dir='ltr'>reservata</span> <span class='ocrx_word' id='word_1_365' title='bbox 1677 3612 1710 3671; x_wconf 91' lang='lat' dir='ltr'>et</span> <span class='ocrx_word' id='word_1_366' title='bbox 1733 3611 1867 3672; x_wconf 91' lang='lat' dir='ltr'>manent</span> <span class='ocrx_word' id='word_1_367' title='bbox 1891 3608 1977 3687; x_wconf 90' lang='lat' dir='ltr'>apud</span> 
     </span>
     <span class='ocr_line' id='line_1_32' title="bbox 323 3711 1979 3795; baseline -0.001 -15"><span class='ocrx_word' id='word_1_368' title='bbox 323 3717 482 3780; x_wconf 89' lang='lat' dir='ltr'>decanum</span> <span class='ocrx_word' id='word_1_369' title='bbox 512 3720 546 3778; x_wconf 92' lang='grc'>01</span> <span class='ocrx_word' id='word_1_370' title='bbox 576 3711 756 3794; x_wconf 90' lang='lat' dir='ltr'>capitulum</span> <span class='ocrx_word' id='word_1_371' title='bbox 788 3713 924 3778; x_wconf 88' lang='lat' dir='ltr'>ecclesie</span> <span class='ocrx_word' id='word_1_372' title='bbox 954 3713 1297 3795; x_wconf 69' lang='lat' dir='ltr'>Franckenfocclcasie,</span> <span class='ocrx_word' id='word_1_373' title='bbox 1329 3732 1391 3794; x_wconf 89' lang='lat' dir='ltr'>que</span> <span class='ocrx_word' id='word_1_374' title='bbox 1421 3712 1456 3778; x_wconf 91' lang='lat' dir='ltr'>in</span> <span class='ocrx_word' id='word_1_375' title='bbox 1485 3711 1631 3794; x_wconf 90' lang='lat' dir='ltr'>ipsorum</span> <span class='ocrx_word' id='word_1_376' title='bbox 1662 3711 1823 3794; x_wconf 86' lang='lat' dir='ltr'>peticione</span> <span class='ocrx_word' id='word_1_377' title='bbox 1851 3712 1979 3794; x_wconf 89' lang='lat' dir='ltr'>plenius</span> 
     </span>
     <span class='ocr_line' id='line_1_33' title="bbox 323 3819 1978 3904; baseline -0.002 -17"><span class='ocrx_word' id='word_1_378' title='bbox 323 3819 558 3904; x_wconf 86' lang='lat' dir='ltr'>exprimuntur.</span> <span class='ocrx_word' id='word_1_379' title='bbox 606 3821 640 3902; x_wconf 88' lang='lat'>6)</span> <span class='ocrx_word' id='word_1_380' title='bbox 667 3820 771 3901; x_wconf 88' lang='lat' dir='ltr'>Super</span> <span class='ocrx_word' id='word_1_381' title='bbox 794 3819 851 3884; x_wconf 93' lang='lat' dir='ltr'>VI.</span> <span class='ocrx_word' id='word_1_382' title='bbox 877 3819 1018 3886; x_wconf 86' lang='lat' dir='ltr'>articulo</span> <span class='ocrx_word' id='word_1_383' title='bbox 1046 3819 1135 3900; x_wconf 89' lang='lat' dir='ltr'>dicit,</span> <span class='ocrx_word' id='word_1_384' title='bbox 1167 3822 1252 3900; x_wconf 91' lang='lat' dir='ltr'>quod</span> <span class='ocrx_word' id='word_1_385' title='bbox 1277 3839 1341 3886; x_wconf 93' lang='lat' dir='ltr'>non</span> <span class='ocrx_word' id='word_1_386' title='bbox 1364 3821 1528 3885; x_wconf 85' lang='lat' dir='ltr'>habeatur</span> <span class='ocrx_word' id='word_1_387' title='bbox 1552 3839 1610 3900; x_wconf 90' lang='lat' dir='ltr'>pro</span> <span class='ocrx_word' id='word_1_388' title='bbox 1635 3839 1713 3886; x_wconf 90' lang='lat' dir='ltr'>vero</span> <span class='ocrx_word' id='word_1_389' title='bbox 1738 3826 1867 3885; x_wconf 89' lang='lat' dir='ltr'>rectore</span> <span class='ocrx_word' id='word_1_390' title='bbox 1891 3819 1978 3885; x_wconf 90' lang='lat' dir='ltr'>dicte</span> 
     </span>
     <span class='ocr_line' id='line_1_34' title="bbox 323 3925 1979 4011; baseline -0.001 -17"><span class='ocrx_word' id='word_1_391' title='bbox 323 3927 496 4011; x_wconf 83' lang='lat' dir='ltr'>parrochie</span> <span class='ocrx_word' id='word_1_392' title='bbox 520 3933 554 3992; x_wconf 92' lang='lat' dir='ltr'>et</span> <span class='ocrx_word' id='word_1_393' title='bbox 578 3929 664 4007; x_wconf 90' lang='lat' dir='ltr'>quod</span> <span class='ocrx_word' id='word_1_394' title='bbox 688 3925 839 3992; x_wconf 89' lang='lat' dir='ltr'>obeditur</span> <span class='ocrx_word' id='word_1_395' title='bbox 863 3925 926 3992; x_wconf 90' lang='lat' dir='ltr'>sibi</span> <span class='ocrx_word' id='word_1_396' title='bbox 949 3933 986 3992; x_wconf 91' lang='lat' dir='ltr'>ut</span> <span class='ocrx_word' id='word_1_397' title='bbox 1009 3927 1149 4008; x_wconf 89' lang='lat' dir='ltr'>plebano</span> <span class='ocrx_word' id='word_1_398' title='bbox 1172 3926 1206 3991; x_wconf 89' lang='lat' dir='ltr'>in</span> <span class='ocrx_word' id='word_1_399' title='bbox 1230 3925 1305 4008; x_wconf 90' lang='lat' dir='ltr'>illis,</span> <span class='ocrx_word' id='word_1_400' title='bbox 1331 3946 1393 4007; x_wconf 85' lang='lat' dir='ltr'>que</span> <span class='ocrx_word' id='word_1_401' title='bbox 1417 3925 1480 3992; x_wconf 92' lang='lat' dir='ltr'>sibi</span> <span class='ocrx_word' id='word_1_402' title='bbox 1503 3933 1581 3991; x_wconf 89' lang='lat' dir='ltr'>sunt</span> <span class='ocrx_word' id='word_1_403' title='bbox 1604 3925 1785 3992; x_wconf 77' lang='lat' dir='ltr'>coacmissa.</span> <span class='ocrx_word' id='word_1_404' title='bbox 1821 3927 1854 4009; x_wconf 81' lang='grc'>’1)</span> <span class='ocrx_word' id='word_1_405' title='bbox 1873 3927 1979 4007; x_wconf 92' lang='lat' dir='ltr'>Super</span> 
     </span>
     <span class='ocr_line' id='line_1_35' title="bbox 323 4015 1977 4114; baseline -0.001 -13"><span class='ocrx_word' id='word_1_406' title='bbox 323 4015 399 4101; x_wconf 81' lang='lat' dir='ltr'>VII.</span> <span class='ocrx_word' id='word_1_407' title='bbox 425 4033 566 4100; x_wconf 88' lang='lat' dir='ltr'>articulo</span> <span class='ocrx_word' id='word_1_408' title='bbox 590 4031 680 4114; x_wconf 90' lang='lat' dir='ltr'>dicit,</span> <span class='ocrx_word' id='word_1_409' title='bbox 706 4035 791 4113; x_wconf 90' lang='lat' dir='ltr'>quod</span> <span class='ocrx_word' id='word_1_410' title='bbox 816 4032 922 4100; x_wconf 89' lang='lat' dir='ltr'>dictus</span> <span class='ocrx_word' id='word_1_411' title='bbox 947 4033 1106 4114; x_wconf 87' lang='lat' dir='ltr'>plebanus</span> <span class='ocrx_word' id='word_1_412' title='bbox 1131 4041 1285 4100; x_wconf 89' lang='lat' dir='ltr'>teneatur·</span> <span class='ocrx_word' id='word_1_413' title='bbox 1307 4036 1430 4100; x_wconf 88' lang='lat' dir='ltr'>decano</span> <span class='ocrx_word' id='word_1_414' title='bbox 1448 4033 1668 4100; x_wconf 90' lang='lat' dir='ltr'>obedienciam</span> <span class='ocrx_word' id='word_1_415' title='bbox 1686 4031 1797 4100; x_wconf 84' lang='lat' dir='ltr'>iacere</span> <span class='ocrx_word' id='word_1_416' title='bbox 1819 4039 1853 4099; x_wconf 91' lang='lat' dir='ltr'>et</span> <span class='ocrx_word' id='word_1_417' title='bbox 1867 4033 1977 4099; x_wconf 85' lang='lat' dir='ltr'>iurare</span> 
     </span>
     <span class='ocr_line' id='line_1_36' title="bbox 234 4121 1977 4225; baseline -0.002 -16"><span class='ocrx_word' id='word_1_418' title='bbox 234 4221 235 4224; x_wconf 8' lang='grc' dir='ltr'><strong>Ἴ</strong></span> <span class='ocrx_word' id='word_1_419' title='bbox 323 4141 517 4209; x_wconf 86' lang='lat' dir='ltr'>fidelitatem</span> <span class='ocrx_word' id='word_1_420' title='bbox 548 4139 612 4208; x_wconf 89' lang='lat' dir='ltr'>sibi</span> <span class='ocrx_word' id='word_1_421' title='bbox 642 4145 675 4206; x_wconf 90' lang='lat' dir='ltr'>et</span> <span class='ocrx_word' id='word_1_422' title='bbox 706 4140 874 4206; x_wconf 87' lang='lat' dir='ltr'>canonicis</span> <span class='ocrx_word' id='word_1_423' title='bbox 904 4139 990 4206; x_wconf 90' lang='lat' dir='ltr'>dicte</span> <span class='ocrx_word' id='word_1_424' title='bbox 1019 4141 1165 4206; x_wconf 91' lang='lat' dir='ltr'>ecclesie.</span> <span class='ocrx_word' id='word_1_425' title='bbox 1220 4140 1254 4225; x_wconf 87' lang='grc'>8)</span> <span class='ocrx_word' id='word_1_426' title='bbox 1283 4141 1388 4223; x_wconf 91' lang='lat' dir='ltr'>Super</span> <span class='ocrx_word' id='word_1_427' title='bbox 1411 4121 1504 4206; x_wconf 90' lang='lat' dir='ltr'>VIII.</span> <span class='ocrx_word' id='word_1_428' title='bbox 1530 4140 1669 4206; x_wconf 89' lang='lat' dir='ltr'>articulo</span> <span class='ocrx_word' id='word_1_429' title='bbox 1696 4139 1784 4222; x_wconf 84' lang='lat' dir='ltr'>dicit,</span> <span class='ocrx_word' id='word_1_430' title='bbox 1817 4143 1977 4221; x_wconf 79' lang='grc'>0000110-</span> 
     </span>
     <span class='ocr_line' id='line_1_37' title="bbox 324 4246 1979 4330; baseline -0.002 -14"><span class='ocrx_word' id='word_1_431' title='bbox 324 4269 440 4316; x_wconf 90' lang='lat' dir='ltr'>cursus</span> <span class='ocrx_word' id='word_1_432' title='bbox 471 4249 612 4314; x_wconf 89' lang='lat' dir='ltr'>habetur</span> <span class='ocrx_word' id='word_1_433' title='bbox 643 4250 686 4312; x_wconf 89' lang='lat' dir='ltr'>ad</span> <span class='ocrx_word' id='word_1_434' title='bbox 715 4246 822 4329; x_wconf 91' lang='lat' dir='ltr'>ipsum</span> <span class='ocrx_word' id='word_1_435' title='bbox 852 4247 1027 4330; x_wconf 89' lang='lat' dir='ltr'>plebanum</span> <span class='ocrx_word' id='word_1_436' title='bbox 1058 4254 1090 4312; x_wconf 91' lang='lat' dir='ltr'>et</span> <span class='ocrx_word' id='word_1_437' title='bbox 1122 4267 1198 4314; x_wconf 90' lang='lat' dir='ltr'>suos</span> <span class='ocrx_word' id='word_1_438' title='bbox 1223 4247 1329 4314; x_wconf 88' lang='lat' dir='ltr'>socios</span> <span class='ocrx_word' id='word_1_439' title='bbox 1353 4254 1386 4313; x_wconf 90' lang='lat' dir='ltr'>et</span> <span class='ocrx_word' id='word_1_440' title='bbox 1411 4251 1496 4328; x_wconf 90' lang='lat' dir='ltr'>quod</span> <span class='ocrx_word' id='word_1_441' title='bbox 1520 4246 1746 4314; x_wconf 88' lang='lat' dir='ltr'>ecclesiastica</span> <span class='ocrx_word' id='word_1_442' title='bbox 1769 4252 1979 4313; x_wconf 89' lang='lat' dir='ltr'>sacramenta</span> 
     </span>
     <span class='ocr_line' id='line_1_38' title="bbox 322 4353 1975 4437; baseline -0.002 -15"><span class='ocrx_word' id='word_1_443' title='bbox 322 4356 512 4422; x_wconf 82' lang='lat' dir='ltr'>mInistrant</span> <span class='ocrx_word' id='word_1_444' title='bbox 540 4353 779 4436; x_wconf 76' lang='lat' dir='ltr'>parrochianis</span> <span class='ocrx_word' id='word_1_445' title='bbox 804 4353 951 4437; x_wconf 88' lang='lat' dir='ltr'>exceptis</span> <span class='ocrx_word' id='word_1_446' title='bbox 982 4353 1185 4437; x_wconf 89' lang='lat' dir='ltr'>temporibus</span> <span class='ocrx_word' id='word_1_447' title='bbox 1209 4357 1333 4434; x_wconf 89' lang='lat' dir='ltr'>decano</span> <span class='ocrx_word' id='word_1_448' title='bbox 1358 4361 1390 4419; x_wconf 92' lang='lat' dir='ltr'>et</span> <span class='ocrx_word' id='word_1_449' title='bbox 1415 4353 1559 4436; x_wconf 90' lang='lat' dir='ltr'>capitulo</span> <span class='ocrx_word' id='word_1_450' title='bbox 1584 4353 1705 4420; x_wconf 91' lang='lat' dir='ltr'>debitis</span> <span class='ocrx_word' id='word_1_451' title='bbox 1729 4360 1762 4420; x_wconf 93' lang='lat' dir='ltr'>et</span> <span class='ocrx_word' id='word_1_452' title='bbox 1785 4353 1975 4420; x_wconf 85' lang='lat' dir='ltr'>reservatis</span> 
     </span>
     <span class='ocr_line' id='line_1_39' title="bbox 322 4441 1978 4548; baseline -0.002 -19"><span class='ocrx_word' id='word_1_453' title='bbox 322 4463 355 4548; x_wconf 89' lang='grc'>9)</span> <span class='ocrx_word' id='word_1_454' title='bbox 381 4466 485 4546; x_wconf 87' lang='lat' dir='ltr'>Super</span> <span class='ocrx_word' id='word_1_455' title='bbox 507 4441 567 4530; x_wconf 78' lang='lat' dir='ltr'>IX.</span> <span class='ocrx_word' id='word_1_456' title='bbox 594 4463 733 4530; x_wconf 90' lang='lat' dir='ltr'>articulo</span> <span class='ocrx_word' id='word_1_457' title='bbox 758 4463 847 4544; x_wconf 85' lang='lat' dir='ltr'>uicit,</span> <span class='ocrx_word' id='word_1_458' title='bbox 874 4465 958 4544; x_wconf 88' lang='lat' dir='ltr'>quod</span> <span class='ocrx_word' id='word_1_459' title='bbox 983 4483 1047 4528; x_wconf 91' lang='lat' dir='ltr'>non</span> <span class='ocrx_word' id='word_1_460' title='bbox 1071 4465 1195 4544; x_wconf 89' lang='lat' dir='ltr'>credat,</span> <span class='ocrx_word' id='word_1_461' title='bbox 1222 4465 1306 4544; x_wconf 87' lang='lat' dir='ltr'>quod</span> <span class='ocrx_word' id='word_1_462' title='bbox 1327 4480 1481 4528; x_wconf 89' lang='lat' dir='ltr'>excessus</span> <span class='ocrx_word' id='word_1_463' title='bbox 1505 4461 1650 4528; x_wconf 89' lang='lat' dir='ltr'>notarios</span> <span class='ocrx_word' id='word_1_464' title='bbox 1672 4461 1838 4544; x_wconf 78' lang='lat' dir='ltr'>corrigere</span> <span class='ocrx_word' id='word_1_465' title='bbox 1854 4462 1978 4528; x_wconf 88' lang='lat' dir='ltr'>habeat</span> 
     </span>
     <span class='ocr_line' id='line_1_40' title="bbox 323 4566 1977 4654; baseline -0.002 -18"><span class='ocrx_word' id='word_1_466' title='bbox 323 4576 357 4636; x_wconf 92' lang='lat' dir='ltr'>et</span> <span class='ocrx_word' id='word_1_467' title='bbox 387 4570 514 4652; x_wconf 84' lang='lat' dir='ltr'>punire,</span> <span class='ocrx_word' id='word_1_468' title='bbox 546 4574 604 4636; x_wconf 91' lang='lat' dir='ltr'>sed</span> <span class='ocrx_word' id='word_1_469' title='bbox 634 4571 739 4654; x_wconf 81' lang='lat' dir='ltr'>magis</span> <span class='ocrx_word' id='word_1_470' title='bbox 765 4569 914 4636; x_wconf 88' lang='lat' dir='ltr'>dominus</span> <span class='ocrx_word' id='word_1_471' title='bbox 938 4569 1125 4651; x_wconf 88' lang='lat' dir='ltr'>prepositus</span> <span class='ocrx_word' id='word_1_472' title='bbox 1148 4570 1202 4636; x_wconf 93' lang='lat' dir='ltr'>vel</span> <span class='ocrx_word' id='word_1_473' title='bbox 1226 4568 1295 4636; x_wconf 91' lang='lat' dir='ltr'>eius</span> <span class='ocrx_word' id='word_1_474' title='bbox 1320 4568 1476 4650; x_wconf 89' lang='lat' dir='ltr'>officialis,</span> <span class='ocrx_word' id='word_1_475' title='bbox 1501 4567 1568 4634; x_wconf 87' lang='lat' dir='ltr'>alia</span> <span class='ocrx_word' id='word_1_476' title='bbox 1592 4575 1749 4634; x_wconf 89' lang='lat' dir='ltr'>contenta</span> <span class='ocrx_word' id='word_1_477' title='bbox 1772 4566 1805 4633; x_wconf 93' lang='lat' dir='ltr'>in</span> <span class='ocrx_word' id='word_1_478' title='bbox 1828 4567 1900 4650; x_wconf 90' lang='lat' dir='ltr'>ipso</span> <span class='ocrx_word' id='word_1_479' title='bbox 1925 4588 1977 4635; x_wconf 89' lang='grc'>01-</span> 
     </span>
     <span class='ocr_line' id='line_1_41' title="bbox 323 4667 1974 4759; baseline -0.002 -17"><span class='ocrx_word' id='word_1_480' title='bbox 323 4667 422 4743; x_wconf 85' lang='lat' dir='ltr'>ticulo</span> <span class='ocrx_word' id='word_1_481' title='bbox 456 4677 561 4743; x_wconf 91' lang='lat' dir='ltr'>credit</span> <span class='ocrx_word' id='word_1_482' title='bbox 594 4696 665 4743; x_wconf 91' lang='lat' dir='ltr'>esse</span> <span class='ocrx_word' id='word_1_483' title='bbox 696 4697 786 4758; x_wconf 89' lang='lat' dir='ltr'>vera,</span> <span class='ocrx_word' id='word_1_484' title='bbox 822 4679 929 4758; x_wconf 86' lang='lat' dir='ltr'>quoad</span> <span class='ocrx_word' id='word_1_485' title='bbox 963 4696 1011 4758; x_wconf 88' lang='lat' dir='ltr'>ea,</span> <span class='ocrx_word' id='word_1_486' title='bbox 1045 4695 1106 4759; x_wconf 91' lang='lat' dir='ltr'>que</span> <span class='ocrx_word' id='word_1_487' title='bbox 1140 4676 1202 4742; x_wconf 92' lang='lat' dir='ltr'>sibi</span> <span class='ocrx_word' id='word_1_488' title='bbox 1235 4682 1312 4742; x_wconf 89' lang='lat' dir='ltr'>sunt</span> <span class='ocrx_word' id='word_1_489' title='bbox 1341 4675 1513 4741; x_wconf 88' lang='lat' dir='ltr'>commissa</span> <span class='ocrx_word' id='word_1_490' title='bbox 1542 4681 1575 4740; x_wconf 89' lang='grc'>01</span> <span class='ocrx_word' id='word_1_491' title='bbox 1599 4675 1761 4741; x_wconf 90' lang='lat' dir='ltr'>hactenus</span> <span class='ocrx_word' id='word_1_492' title='bbox 1785 4676 1974 4742; x_wconf 86' lang='lat' dir='ltr'>observata.</span> 
     </span>
     <span class='ocr_line' id='line_1_42' title="bbox 324 4781 1977 4864; baseline -0.001 -16"><span class='ocrx_word' id='word_1_493' title='bbox 324 4785 377 4862; x_wconf 88' lang='lat'>10)</span> <span class='ocrx_word' id='word_1_494' title='bbox 403 4783 509 4864; x_wconf 88' lang='lat' dir='ltr'>Super</span> <span class='ocrx_word' id='word_1_495' title='bbox 536 4784 577 4852; x_wconf 92' lang='lat' dir='ltr'>X.</span> <span class='ocrx_word' id='word_1_496' title='bbox 610 4783 749 4849; x_wconf 89' lang='lat' dir='ltr'>articulo</span> <span class='ocrx_word' id='word_1_497' title='bbox 781 4782 870 4863; x_wconf 88' lang='lat' dir='ltr'>dicit,</span> <span class='ocrx_word' id='word_1_498' title='bbox 903 4784 988 4863; x_wconf 91' lang='lat' dir='ltr'>quod</span> <span class='ocrx_word' id='word_1_499' title='bbox 1020 4784 1179 4864; x_wconf 85' lang='lat' dir='ltr'>quasdam</span> <span class='ocrx_word' id='word_1_500' title='bbox 1209 4802 1263 4849; x_wconf 88' lang='lat' dir='ltr'>res</span> <span class='ocrx_word' id='word_1_501' title='bbox 1290 4784 1436 4849; x_wconf 89' lang='lat' dir='ltr'>habeant</span> <span class='ocrx_word' id='word_1_502' title='bbox 1460 4801 1645 4848; x_wconf 87' lang='lat' dir='ltr'>communes</span> <span class='ocrx_word' id='word_1_503' title='bbox 1669 4781 1811 4864; x_wconf 89' lang='lat' dir='ltr'>predicti</span> <span class='ocrx_word' id='word_1_504' title='bbox 1833 4783 1977 4848; x_wconf 88' lang='lat' dir='ltr'>decanus</span> 
     </span>
     <span class='ocr_line' id='line_1_43' title="bbox 323 4888 1975 4972; baseline 0 -16"><span class='ocrx_word' id='word_1_505' title='bbox 323 4896 355 4956; x_wconf 86' lang='lat' dir='ltr'>et</span> <span class='ocrx_word' id='word_1_506' title='bbox 389 4889 568 4970; x_wconf 88' lang='lat' dir='ltr'>capitulum</span> <span class='ocrx_word' id='word_1_507' title='bbox 603 4909 730 4956; x_wconf 89' lang='lat' dir='ltr'>necnon</span> <span class='ocrx_word' id='word_1_508' title='bbox 763 4890 932 4971; x_wconf 73' lang='lat' dir='ltr'>plebanus</span> <span class='ocrx_word' id='word_1_509' title='bbox 967 4889 1122 4956; x_wconf 90' lang='lat' dir='ltr'>videlicet</span> <span class='ocrx_word' id='word_1_510' title='bbox 1153 4889 1265 4972; x_wconf 73' lang='lat' dir='ltr'>libros</span> <span class='ocrx_word' id='word_1_511' title='bbox 1301 4889 1421 4956; x_wconf 88' lang='lat' dir='ltr'>calices</span> <span class='ocrx_word' id='word_1_512' title='bbox 1455 4897 1488 4955; x_wconf 90' lang='lat' dir='ltr'>et</span> <span class='ocrx_word' id='word_1_513' title='bbox 1521 4889 1743 4956; x_wconf 86' lang='lat' dir='ltr'>sacerdotaIIa</span> <span class='ocrx_word' id='word_1_514' title='bbox 1775 4888 1975 4970; x_wconf 86' lang='lat' dir='ltr'>indumenta,</span> 
     </span>
     <span class='ocr_line' id='line_1_44' title="bbox 323 4992 1976 5078; baseline -0.001 -15"><span class='ocrx_word' id='word_1_515' title='bbox 323 5003 356 5063; x_wconf 89' lang='lat' dir='ltr'>et</span> <span class='ocrx_word' id='word_1_516' title='bbox 387 4999 524 5077; x_wconf 87' lang='lat' dir='ltr'>quedam</span> <span class='ocrx_word' id='word_1_517' title='bbox 554 4995 628 5062; x_wconf 90' lang='lat' dir='ltr'>iura</span> <span class='ocrx_word' id='word_1_518' title='bbox 659 5002 736 5062; x_wconf 86' lang='lat' dir='ltr'>sunt</span> <span class='ocrx_word' id='word_1_519' title='bbox 767 4992 882 5076; x_wconf 86' lang='lat' dir='ltr'>divisa,</span> <span class='ocrx_word' id='word_1_520' title='bbox 915 4995 1068 5062; x_wconf 89' lang='lat' dir='ltr'>videlicet</span> <span class='ocrx_word' id='word_1_521' title='bbox 1099 4995 1293 5078; x_wconf 88' lang='lat' dir='ltr'>oblaciones,</span> <span class='ocrx_word' id='word_1_522' title='bbox 1326 5015 1407 5078; x_wconf 88' lang='lat' dir='ltr'>quas</span> <span class='ocrx_word' id='word_1_523' title='bbox 1437 4997 1523 5062; x_wconf 91' lang='lat' dir='ltr'>idem</span> <span class='ocrx_word' id='word_1_524' title='bbox 1546 4996 1706 5078; x_wconf 90' lang='lat' dir='ltr'>plebanus</span> <span class='ocrx_word' id='word_1_525' title='bbox 1729 4996 1830 5063; x_wconf 88' lang='lat' dir='ltr'>habet</span> <span class='ocrx_word' id='word_1_526' title='bbox 1854 4999 1894 5062; x_wconf 90' lang='lat' dir='ltr'>de</span> <span class='ocrx_word' id='word_1_527' title='bbox 1918 5015 1976 5063; x_wconf 91' lang='lat' dir='ltr'>suo</span> 
     </span>
     <span class='ocr_line' id='line_1_45' title="bbox 322 5083 1975 5189; baseline 0 -19"><span class='ocrx_word' id='word_1_528' title='bbox 322 5103 431 5170; x_wconf 88' lang='lat' dir='ltr'>altari.</span> <span class='ocrx_word' id='word_1_529' title='bbox 481 5104 536 5189; x_wconf 91' lang='grc'>11)</span> <span class='ocrx_word' id='word_1_530' title='bbox 566 5103 671 5185; x_wconf 91' lang='lat' dir='ltr'>Super</span> <span class='ocrx_word' id='word_1_531' title='bbox 698 5083 757 5168; x_wconf 80' lang='lat' dir='ltr'>III.</span> <span class='ocrx_word' id='word_1_532' title='bbox 791 5101 929 5169; x_wconf 91' lang='lat' dir='ltr'>articulo</span> <span class='ocrx_word' id='word_1_533' title='bbox 965 5101 1062 5184; x_wconf 88' lang='lat' dir='ltr'>dicit,</span> <span class='ocrx_word' id='word_1_534' title='bbox 1095 5105 1180 5184; x_wconf 92' lang='lat' dir='ltr'>quod</span> <span class='ocrx_word' id='word_1_535' title='bbox 1212 5104 1398 5186; x_wconf 87' lang='lat' dir='ltr'>preposItus</span> <span class='ocrx_word' id='word_1_536' title='bbox 1429 5104 1552 5169; x_wconf 89' lang='lat' dir='ltr'>haheat</span> <span class='ocrx_word' id='word_1_537' title='bbox 1583 5105 1776 5170; x_wconf 90' lang='lat' dir='ltr'>confirmare</span> <span class='ocrx_word' id='word_1_538' title='bbox 1806 5107 1975 5185; x_wconf 86' lang='lat' dir='ltr'>decanum,</span> 
     </span>
     <span class='ocr_line' id='line_1_46' title="bbox 322 5191 1974 5296; baseline -0.001 -18"><span class='ocrx_word' id='word_1_539' title='bbox 322 5211 361 5278; x_wconf 92' lang='lat' dir='ltr'>de</span> <span class='ocrx_word' id='word_1_540' title='bbox 385 5210 531 5276; x_wconf 89' lang='lat' dir='ltr'>manuali</span> <span class='ocrx_word' id='word_1_541' title='bbox 553 5229 632 5278; x_wconf 92' lang='lat' dir='ltr'>vero</span> <span class='ocrx_word' id='word_1_542' title='bbox 656 5209 816 5276; x_wconf 88' lang='lat' dir='ltr'>fidelitate</span> <span class='ocrx_word' id='word_1_543' title='bbox 840 5208 940 5276; x_wconf 91' lang='lat' dir='ltr'>nichil</span> <span class='ocrx_word' id='word_1_544' title='bbox 963 5209 1035 5276; x_wconf 90' lang='lat' dir='ltr'>scit.</span> <span class='ocrx_word' id='word_1_545' title='bbox 1085 5211 1139 5296; x_wconf 88' lang='lat'>12)</span> <span class='ocrx_word' id='word_1_546' title='bbox 1167 5211 1271 5292; x_wconf 92' lang='lat' dir='ltr'>Super</span> <span class='ocrx_word' id='word_1_547' title='bbox 1298 5191 1376 5276; x_wconf 80' lang='lat' dir='ltr'>XII.</span> <span class='ocrx_word' id='word_1_548' title='bbox 1402 5210 1541 5277; x_wconf 88' lang='lat' dir='ltr'>articulo</span> <span class='ocrx_word' id='word_1_549' title='bbox 1559 5210 1648 5292; x_wconf 87' lang='lat' dir='ltr'>dicit,</span> <span class='ocrx_word' id='word_1_550' title='bbox 1674 5231 1746 5277; x_wconf 93' lang='lat' dir='ltr'>eum</span> <span class='ocrx_word' id='word_1_551' title='bbox 1763 5230 1835 5277; x_wconf 90' lang='lat' dir='ltr'>esse</span> <span class='ocrx_word' id='word_1_552' title='bbox 1852 5229 1974 5278; x_wconf 85' lang='lat' dir='ltr'>verum</span> 
     </span>
     <span class='ocr_line' id='line_1_47' title="bbox 323 5316 1977 5402; baseline -0.001 -19"><span class='ocrx_word' id='word_1_553' title='bbox 323 5319 379 5402; x_wconf 88' lang='lat'>13)</span> <span class='ocrx_word' id='word_1_554' title='bbox 399 5318 505 5399; x_wconf 88' lang='lat' dir='ltr'>Super</span> <span class='ocrx_word' id='word_1_555' title='bbox 531 5317 628 5382; x_wconf 90' lang='lat' dir='ltr'>XIII.</span> <span class='ocrx_word' id='word_1_556' title='bbox 654 5316 794 5383; x_wconf 86' lang='lat' dir='ltr'>articulo</span> <span class='ocrx_word' id='word_1_557' title='bbox 818 5317 907 5398; x_wconf 92' lang='lat' dir='ltr'>dicit,</span> <span class='ocrx_word' id='word_1_558' title='bbox 934 5319 1019 5397; x_wconf 90' lang='lat' dir='ltr'>quod</span> <span class='ocrx_word' id='word_1_559' title='bbox 1036 5317 1233 5400; x_wconf 88' lang='lat' dir='ltr'>prepositus,</span> <span class='ocrx_word' id='word_1_560' title='bbox 1252 5324 1425 5400; x_wconf 89' lang='lat' dir='ltr'>postquam</span> <span class='ocrx_word' id='word_1_561' title='bbox 1440 5317 1586 5384; x_wconf 89' lang='lat' dir='ltr'>Instituit</span> <span class='ocrx_word' id='word_1_562' title='bbox 1602 5317 1787 5400; x_wconf 87' lang='lat' dir='ltr'>plebanum,</span> <span class='ocrx_word' id='word_1_563' title='bbox 1806 5323 1977 5400; x_wconf 90' lang='lat' dir='ltr'>presentat</span> 
     </span>
     <span class='ocr_line' id='line_1_48' title="bbox 322 5423 1976 5491; baseline 0 -1"><span class='ocrx_word' id='word_1_564' title='bbox 322 5443 394 5490; x_wconf 90' lang='lat' dir='ltr'>eum</span> <span class='ocrx_word' id='word_1_565' title='bbox 426 5427 550 5490; x_wconf 89' lang='lat' dir='ltr'>decano</span> <span class='ocrx_word' id='word_1_566' title='bbox 582 5427 623 5490; x_wconf 91' lang='lat' dir='ltr'>ad</span> <span class='ocrx_word' id='word_1_567' title='bbox 655 5423 839 5491; x_wconf 87' lang='lat' dir='ltr'>laciendum</span> <span class='ocrx_word' id='word_1_568' title='bbox 868 5423 1090 5490; x_wconf 91' lang='lat' dir='ltr'>obedienciam</span> <span class='ocrx_word' id='word_1_569' title='bbox 1114 5431 1148 5490; x_wconf 91' lang='lat' dir='ltr'>et</span> <span class='ocrx_word' id='word_1_570' title='bbox 1172 5426 1214 5489; x_wconf 89' lang='lat' dir='ltr'>ad</span> <span class='ocrx_word' id='word_1_571' title='bbox 1237 5425 1410 5491; x_wconf 91' lang='lat' dir='ltr'>iurandum</span> <span class='ocrx_word' id='word_1_572' title='bbox 1434 5425 1625 5491; x_wconf 88' lang='lat' dir='ltr'>fidelitatem</span> <span class='ocrx_word' id='word_1_573' title='bbox 1650 5431 1684 5490; x_wconf 94' lang='lat' dir='ltr'>et</span> <span class='ocrx_word' id='word_1_574' title='bbox 1708 5423 1870 5491; x_wconf 83' lang='lat' dir='ltr'>transfert</span> <span class='ocrx_word' id='word_1_575' title='bbox 1892 5431 1976 5490; x_wconf 77' lang='lat' dir='ltr'>nos·</span> 
     </span>
     <span class='ocr_line' id='line_1_49' title="bbox 321 5530 1978 5614; baseline -0.001 -17"><span class='ocrx_word' id='word_1_576' title='bbox 321 5531 355 5598; x_wconf 90' lang='lat' dir='ltr'>in</span> <span class='ocrx_word' id='word_1_577' title='bbox 384 5531 491 5613; x_wconf 91' lang='lat' dir='ltr'>ipsum</span> <span class='ocrx_word' id='word_1_578' title='bbox 521 5532 706 5614; x_wconf 89' lang='lat' dir='ltr'>plebanum,</span> <span class='ocrx_word' id='word_1_579' title='bbox 731 5531 886 5600; x_wconf 89' lang='lat' dir='ltr'>videlicet</span> <span class='ocrx_word' id='word_1_580' title='bbox 916 5531 1031 5597; x_wconf 89' lang='lat' dir='ltr'>audire</span> <span class='ocrx_word' id='word_1_581' title='bbox 1062 5530 1298 5598; x_wconf 79' lang='lat' dir='ltr'>confessionem</span> <span class='ocrx_word' id='word_1_582' title='bbox 1327 5539 1360 5598; x_wconf 89' lang='lat' dir='ltr'>et</span> <span class='ocrx_word' id='word_1_583' title='bbox 1390 5531 1559 5614; x_wconf 86' lang='lat' dir='ltr'>porrigere</span> <span class='ocrx_word' id='word_1_584' title='bbox 1584 5551 1702 5614; x_wconf 89' lang='lat' dir='ltr'>corpus</span> <span class='ocrx_word' id='word_1_585' title='bbox 1726 5531 1847 5598; x_wconf 90' lang='lat' dir='ltr'>domini</span> <span class='ocrx_word' id='word_1_586' title='bbox 1870 5537 1904 5596; x_wconf 91' lang='lat' dir='ltr'>et</span> <span class='ocrx_word' id='word_1_587' title='bbox 1927 5531 1978 5596; x_wconf 93' lang='lat' dir='ltr'>in-</span> 
     </span>
     <span class='ocr_line' id='line_1_50' title="bbox 321 5637 1978 5722; baseline 0.001 -19"><span class='ocrx_word' id='word_1_588' title='bbox 321 5637 468 5722; x_wconf 82' lang='lat' dir='ltr'>iungere,</span> <span class='ocrx_word' id='word_1_589' title='bbox 495 5637 597 5706; x_wconf 90' lang='lat' dir='ltr'>salvis</span> <span class='ocrx_word' id='word_1_590' title='bbox 621 5647 731 5706; x_wconf 87' lang='lat' dir='ltr'>tamen</span> <span class='ocrx_word' id='word_1_591' title='bbox 754 5638 880 5705; x_wconf 87' lang='lat' dir='ltr'>iuribus</span> <span class='ocrx_word' id='word_1_592' title='bbox 901 5645 933 5704; x_wconf 91' lang='lat' dir='ltr'>et</span> <span class='ocrx_word' id='word_1_593' title='bbox 951 5639 1241 5705; x_wconf 90' lang='lat' dir='ltr'>consuetudinibus</span> <span class='ocrx_word' id='word_1_594' title='bbox 1258 5659 1297 5704; x_wconf 92' lang='lat' dir='ltr'>ac</span> <span class='ocrx_word' id='word_1_595' title='bbox 1312 5637 1523 5704; x_wconf 88' lang='lat' dir='ltr'>libertatibus</span> <span class='ocrx_word' id='word_1_596' title='bbox 1540 5639 1626 5704; x_wconf 89' lang='lat' dir='ltr'>dicte</span> <span class='ocrx_word' id='word_1_597' title='bbox 1644 5637 1779 5704; x_wconf 88' lang='lat' dir='ltr'>ecclesie</span> <span class='ocrx_word' id='word_1_598' title='bbox 1794 5639 1978 5705; x_wconf 79' lang='lat' dir='ltr'>reservatIs</span> 
     </span>
    </p>
   </div>
   <div class='ocr_carea' id='block_1_3' title="bbox 589 5813 673 5866">
    <p class='ocr_par' dir='ltr' id='par_1_4' title="bbox 589 5813 673 5866">
     <span class='ocr_line' id='line_1_51' title="bbox 589 5813 673 5866; baseline 0.012 -11"><span class='ocrx_word' id='word_1_599' title='bbox 589 5815 613 5866; x_wconf 78' lang='grc' dir='ltr'>ι)</span> <span class='ocrx_word' id='word_1_600' title='bbox 628 5813 673 5858; x_wconf 83' lang='lat' dir='ltr'>Sc!</span> 
     </span>
    </p>
   </div>
   <div class='ocr_carea' id='block_1_4' title="bbox 0 0 2212 6405">
    <p class='ocr_par' dir='ltr' id='par_1_5' title="bbox 0 0 2212 6405">
     <span class='ocr_line' id='line_1_52' title="bbox 0 0 2212 6405; baseline 0 0"><span class='ocrx_word' id='word_1_601' title='bbox 0 0 2212 6405; x_wconf 95' lang='lat' dir='ltr'> </span> 
     </span>
    </p>
   </div>
  </div>
 </body>
</html>
