4436 6404
398 340 463 406 208
1133 339 1201 394 reas
1221 339 1276 392 nar
1295 339 1319 393 a.

397 541 508 602 nostre
541 536 724 602 collationis
755 543 788 602 et
819 535 1018 602 investitura
1049 536 1271 602 testimonium
1300 544 1470 618 presentes
1496 535 1555 601 tibi
1580 540 1704 617 damus,
1730 542 1842 601 nostre
1865 535 2052 601 maiestatis

397 643 495 730 sigilli
525 643 700 710 munimine
731 645 916 710 roboratas.
972 644 1093 709 Datum
1124 642 1158 708 in
1188 642 1383 725 Ratispona,
1410 630 1488 709 ΧΠ.
1511 644 1671 711 kalendas
1703 643 1788 724 maii,
1815 661 1900 709 anno
1932 641 2053 708 domini

396 750 819 818 millesimo'trecentesimo
843 749 997 816 vicesimo
1022 749 1144 832 quinto.
1193 750 1301 833 Regni
1323 769 1402 816 vero
1426 750 1532 816 nostri
1555 771 1641 818 anno
1664 749 1845 816 undecimo.

580 953 586 970 .
612 892 658 946 Or.
673 893 760 962 Ppml.
808 893 869 947 Das
896 893 1075 961 arrlrc'tapendc
1103 893 1333 960 Majesroratepel
1360 893 1396 946 ist
1423 911 1478 946 rrrtr
1505 910 1556 946 sur
1584 893 1685 959 Hdlt'te
1712 895 1839 946 erhulten.
1885 892 1923 946 st.
1946 895 1980 945 A.
2002 891 2053 945 Fr.

668 981 1042 1037 Praetentate-Urbanam.

611 1071 710 1126 Getta:
728 1073 772 1138 B,
791 1075 844 1126 479
862 1073 932 1125 noch
950 1072 1009 1124 darn
1030 1069 1076 1126 Or.
1096 1089 1132 1125 aa
1151 1072 1213 1125 Mai
1231 1075 1274 1124 20.

613 1161 727 1231 Regest:
745 1161 842 1228 Seuer,
861 1159 904 1226 1¹,
925 1164 985 1232 133,

618 1250 711 1304 Vera:
729 1251 773 1316 B,
793 1251 858 1320 Rep.
872 1251 955 1318 Ima,
975 1251 1027 1304 No.
1041 1253 1095 1304 809
1112 1267 1146 1303 an
1169 1249 1250 1318 April
1267 1253 1318 1316 20,·
1342 1249 1448 1316 Scriba,
1469 1249 1513 1316 II,
1534 1249 1586 1302 Nc.
1601 1253 1678 1302 1163.

397 1642 489 1718 272.
518 1651 712 1732 Erebischof
733 1651 874 1716 Mallias
902 1673 961 1716 uon
984 1651 1099 1716 Maiae
1124 1653 1264 1716 heruanrt
1287 1654 1375 1715 einen
1401 1651 1529 1715 Termino
1551 1674 1611 1715 ator
1640 1651 1884 1736 Untcrsachurtp
1907 1653 1962 1716 des
1986 1653 2054 1716 Arr-

515 1759 665 1840 spruches
695 1759 750 1822 des
775 1759 948 1823 Heilmcnu
970 1757 1004 1820 F
1005 1759 1095 1822 rosch
1125 1759 1189 1838 cus
1215 1759 1275 1822 dos
1300 1757 1456 1824 Potrouct
1484 1761 1596 1823 crucier
1619 1758 1799 1840 Beneficicn
1831 1760 1864 1836 in
1886 1760 1956 1824 dem
1979 1781 2054 1824 recar-

514 1866 762 1950 rnyrr‘lndeaden
785 1864 1054 1945 Licbfrcuenstift
1077 1885 1129 1930 an.
1176 1864 1444 1949 Aachaffcnburp,
1470 1869 1556 1929 1325
1580 1866 1655 1931 liat
1677 1871 1708 1929 2.

506 2061 538 2076 ..
565 2006 711 2072 Mathias
742 2007 794 2073 dei
824 2005 936 2090 gracia
966 2013 1080 2072 sancte
1104 2006 1294 2090 Moguntinc
1318 2005 1405 2072 sedis
1429 2006 1705 2089 archiepiscopus,
1732 2007 1820 2074 sacri
1843 2007 1972 2090 imperii
1995 2027 2055 2090 per

398 2115 610 2181 Germaniam
627 2113 948 2181 archicancellarius
994 2112 1176 2190 Universia
1194 2131 1330 2192 quorum
1346 2113 1525 2200 interestis
1540 2133 1596 2180 seu
1614 2134 1711 2180 nosce
1728 2112 1829 2180 fuerit
1846 2122 2051 2196 oportunum.

398 2223 478 2287 tium
505 2241 564 2288 nos
589 2221 748 2302 capellam
773 2227 887 2286 sancte
904 2220 1008 2286 Maria
1032 2219 1065 2285 in
1081 2221 1333 2300 Frankenvord,
1359 2219 1456 2286 sitam
1480 2221 1513 2286 in
1538 2228 1647 2287 monte
1671 2221 1759 2286 dicto
1784 2219 1820 2286 uf
1844 2224 1915 2288 dem
1932 2223 2054 2287 Rosse-

397 2303 600 2410 0111011110
631 2348 696 2408 qua
726 2347 783 2393 sex
812 2327 971 2393 beneficia
1001 2328 1053 2395 vel
1083 2327 1207 2394 vicarie
1234 2327 1457 2392 sacerdotales
1481 2327 1637 2394 institute
1662 2336 1851 2410 noscuntur,
1877 2328 1910 2394 in
1935 2327 2054 2410 quibus

398 2433 517 2500 dilecte
541 2435 575 2500 in
600 2433 729 2500 Christo
751 2433 947 2515 Katherina,
973 2435 1091 2500 relicta
1114 2437 1276 2514 quondam
1291 2435 1516 2518 ,lJWygelonis
1541 2435 1841 2516 deWannenbach,
1868 2443 1901 2501 et
1917 2434 2053 2518 Gpsela,

397 2541 513 2608 relicta
545 2543 707 2622 quondam
723 2540 915 2624 Wygelonis
945 2542 1050 2622 Rene,
1081 2541 1289 2606 scabinorum
1321 2540 1409 2622 opidi
1438 2541 1780 2623 FrankenvordensiS,
1806 2541 1869 2608 sihi
1899 2549 2055 2608 asserunt

399 2648 451 2714 ius
482 2655 656 2730 conpetere
686 2653 900 2729 patronatus,
933 2651 973 2712 ad
1006 2647 1187 2730 supplicum
1219 2665 1351 2727 precum
1382 2646 1579 2713 instanciam
1610 2651 1787 2715 earundem
1816 2648 1850 2714 in
1882 2648 2054 2732 collegium

397 2756 524 2840 erigere
555 2755 737 2838 cupientes,
773 2754 807 2820 in
838 2753 977 2820 ecclesia
1007 2753 1208 2836 parrochiali
1237 2754 1553 2820 Frankenvordcnsi
1584 2775 1643 2836 per
1673 2755 1850 2820 discretum
1880 2755 1986 2820 virum
2019 2807 2052 2820 ..

398 2861 571 2944 plebanum
596 2861 739 2928 eiusdem
765 2861 1057 2944 proclamacionem
1081 2859 1217 2926 fecimus
1241 2859 1313 2926 fieri
1328 2859 1525 2942 generalem,
1551 2880 1662 2927 omnes
1679 2868 1713 2926 et
1728 2862 1875 2945 singulos
1891 2859 2054 2928 iacientes

398 2968 503 3049 citari,
530 2969 586 3050 qui
616 2969 649 3034 in
681 2969 770 3034 dicta
799 2968 925 3050 capella
949 2967 1012 3033 sibi
1036 2971 1208 3033 crederent
1234 2973 1408 3048 conpetere
1433 2967 1692 3050 iuspatronatus
1718 2969 1770 3035 rel
1795 2969 1850 3050 qui
1874 2967 1956 3034 alias
1981 2989 2052 3050 sua,

397 3096 437 3141 ne
454 3075 535 3142 dicti
552 3075 680 3159 collegii
696 3075 864 3140 institucio
882 3077 1083 3156 procederet,
1109 3077 1280 3140 crederent
1299 3074 1486 3155 aliqualiter
1503 3075 1673 3157 interesse,
1699 3082 1735 3140 ut
1750 3073 1840 3142 inira
1857 3075 2054 3156 quindenam

398 3191 624 3266 conpararent,
651 3183 869 3264 peremptorie
900 3201 1008 3248 coram
1040 3181 1135 3246 nobis
1166 3185 1205 3247 de
1237 3201 1294 3246 suo
1326 3181 1487 3248 interesse
1519 3190 1551 3248 et
1577 3181 1756 3263 preiudicio
1781 3183 1961 3264 ostensuri;
1988 3201 2053 3265 qua

397 3289 670 3371 proclamacione,
695 3289 790 3355 iuxta
821 3289 902 3355 dicti
926 3289 1032 3354 nostri
1055 3287 1202 3354 mandati
1226 3287 1373 3370 formam,
1400 3289 1520 3355 emissa
1545 3289 1672 3370 publice
1696 3309 1755 3370 per
1780 3341 1812 3358 ..
1838 3288 1961 3354 dictum
1986 3287 2055 3370 ple-

397 3399 527 3477 banum,
553 3398 685 3462 tandem
716 3396 750 3461 in
782 3396 896 3462 ultima
921 3396 973 3462 die
997 3395 1151 3460 termini⁸
1175 3395 1446 3478 proclamacionis
1471 3395 1627 3478 predicte,
1654 3416 1715 3478 que
1739 3394 1804 3462 luit
1828 3395 1913 3462 laria
1936 3395 2056 3477 quinta

397 3509 471 3583 post
495 3501 616 3568 testum
640 3505 811 3569 beatorum
835 3502 977 3584 Philippi
1001 3511 1032 3568 et
1056 3503 1176 3568 Jacohi
1200 3504 1421 3584 apostolorum
1446 3503 1620 3584 proxima,¹
1646 3523 1686 3569 ex
1710 3511 1805 3586 parte
1831 3503 1967 3569 discreti
1989 3503 2055 3570 riri

396 3609 584 3675 Heilmanni
608 3609 685 3679 dicti
703 3610 838 3690 Frosch,
865 3610 947 3676 civis
971 3609 1311 3690 Frankenvordensia
1338 3617 1581 3692 conparuerunt
1606 3610 1740 3676 discreti
1764 3610 1829 3676 viri
1845 3663 1851 3676 .
1867 3664 1873 3676 .
1892 3611 2055 3690 plebanus.

397 3715 564 3798 predictus
589 3723 622 3781 ct
646 3717 844 3782 Bertholdus
869 3720 908 3782 de
926 3717 1088 3796 Walstad,
1115 3715 1195 3782 civis
1219 3715 1253 3782 in
1278 3717 1528 3798 Frankenvord,
1554 3725 1786 3798 procuratores
1811 3737 1831 3782 a
1855 3716 2055 3782 (1101οΗ011-

397 3842 515 3891 manno
546 3830 580 3889 et
610 3823 678 3888 suis
702 3824 879 3889 heredibus
904 3843 1003 3905 super
1026 3824 1086 3887 hoc
1110 3823 1143 3887 in
1167 3823 1304 3888 solidum
1329 3824 1488 3904 deputati,
1515 3843 1573 3904 pro
1599 3823 1685 3888 dicto
1708 3823 1902 3890 Heilmuuno
1926 3830 1959 3888 et
1984 3823 2054 3888 suis

396 3929 571 3996 heredibus
588 3930 715 3996 nornine
733 3931 961 4013 procuratorio
979 3937 1209 4011 proponentes,
1224 3929 1327 3995 eidem
1340 3931 1532 3996 Heilrnonno
1549 3937 1582 3995 et
1599 3929 1667 3995 suis
1683 3931 1857 3996 heredibus
1874 3929 1907 3994 in
1924 3932 2054 3995 duabus

397 4037 530 4103 vicariis
555 4037 607 4104 vel
630 4037 797 4104 beneficiis
817 4036 1079 4103 sacerdotalibus
1095 4036 1128 4102 in
1145 4036 1235 4102 dicta
1251 4036 1379 4118 capella
1394 4037 1445 4102 ius
1462 4043 1637 4118 conpetere
1654 4043 1862 4118 patronatus
1889 4043 2052 4118 petentes,

396 4163 436 4208 ne
468 4146 510 4208 ad
541 4143 661 4210 dictam
694 4143 823 4227 collegii
854 4143 1097 4210 institucionem
1128 4144 1162 4209 in
1194 4143 1344 4225 predicta
1372 4143 1500 4224 capella
1523 4141 1708 4209 faciendam
1733 4143 1796 4209 sihi
1819 4149 1853 4208 et
1875 4143 2054 4208 heredibus

398 4249 466 4316 suis
490 4269 530 4316 ex
555 4269 657 4316 causa
680 4249 841 4332 premissa
864 4249 1136 4331 quamplurimum
1161 4249 1405 4332 preiudicialem
1429 4253 1607 4331 procedere
1632 4250 1839 4316 deberemus:
1866 4267 1925 4315 nos
1948 4247 2054 4332 igitur

396 4374 437 4421 ex
470 4355 572 4422 officio
603 4363 716 4423 nostro
748 4376 847 4439 super
874 4347 1144 4439 inrepatronatus
1168 4356 1200 4421 in
1225 4355 1321 4422 dictis
1345 4356 1478 4422 vicariis
1502 4354 1555 4423 vel
1579 4355 1745 4423 beneflciis
1768 4356 1802 4422 in
1826 4355 1954 4437 capella
1978 4375 2054 4437 pre-

396 4461 486 4528 dicta
508 4463 596 4528 inter
620 4463 727 4528 dictas
743 4463 959 4528 Katherinam
985 4470 1018 4528 et
1035 4463 1200 4547 Gyselam,
1227 4483 1353 4529 necnon
1379 4463 1502 4528 dictum
1517 4462 1746 4529 Heilmouncrn
1770 4468 1803 4528 et
1819 4481 1895 4528 suos
1912 4461 2053 4528 heredes

396 4572 438 4634 ad
462 4569 639 4636 videndum
663 4571 702 4635 de
726 4569 873 4651 predicto
898 4569 1077 4652 preiudicio
1102 4569 1294 4652 simpliciter
1319 4576 1352 4635 et
1376 4572 1416 4634 de
1440 4571 1537 4650 plano
1562 4589 1601 4635 ac
1625 4569 1695 4635 sine
1719 4568 1862 4651 strepitu
1886 4575 1919 4634 et
1943 4569 2054 4652 figura

396 4675 508 4741 iudicii
532 4695 729 4758 cognoscere
753 4676 912 4756 volentes,
939 4675 1035 4742 dictis
1060 4677 1211 4758 partibus
1235 4675 1353 4742 feriam
1377 4677 1515 4742 terciam
1538 4683 1614 4758 post
1637 4682 1788 4743 octavam
1812 4674 1913 4742 festi*
1937 4683 2053 4758 pente-

397 4781 529 4848 costesb
553 4781 734 4864 proximam
759 4803 817 4864 pro
842 4783 1061 4865 peremptorio
1086 4783 1224 4850 termino
1249 4787 1289 4850 ad
1315 4783 1518 4850 diffinitivam
1543 4783 1741 4850 sentenciam
1765 4803 1864 4867 super
1880 4782 2053 4865 premissis

398 4889 604 4970 audiendam,
630 4889 663 4954 in
679 4889 942 4973 Asclrallenhurg
966 4890 1018 4957 vel
1042 4891 1096 4956 ubi
1120 4897 1198 4956 tunc
1222 4890 1441 4972 personaliter
1457 4889 1614 4956 fuerimus
1632 4891 1813 4970 const'tuti,
1840 4890 2053 4971 presentibus

399 4995 622 5078 assignamus
654 4995 863 5080 iniungentes
895 5017 935 5062 er
966 4997 1068 5062 officio
1100 5004 1214 5063 nostro
1246 4997 1397 5078 partibus
1428 4996 1620 5078 antedictis,
1653 4999 1737 5078 quod
1768 4997 1872 5064 medio
1903 4989 2053 5078 tempore

396 5102 505 5168 omnia
528 5103 601 5168 iura
625 5110 658 5168 et
680 5102 891 5182 munimenta,
917 5103 944 5168 si
968 5123 1032 5184 qna
1056 5105 1189 5186 habent,
1216 5123 1314 5186 super
1338 5103 1426 5169 dicta
1443 5123 1544 5169 carisa
1560 5103 1654 5170 nobis
1671 5104 1856 5170 exhibeant.
1892 5104 2053 5170 Volentes

396 5209 507 5291 etiam,
533 5216 578 5290 ut,
605 5209 653 5276 εἰ0
681 5209 896 5292 probaciones
920 5209 1002 5276 facti
1026 5211 1116 5276 etin
1140 5211 1229 5278 iacto
1255 5211 1473 5276 consistentes
1497 5211 1652 5292 habeant,
1678 5230 1736 5292 per
1760 5218 1864 5276 testes
1886 5209 1921 5275 in
1948 5230 2051 5278 causa

396 5316 546 5398 predicta
577 5316 762 5382 necessario
794 5315 974 5395 faciendas,
1000 5337 1059 5384 nos
1090 5337 1189 5400 super
1220 5319 1280 5383 hoc
1312 5317 1442 5383 interim
1474 5318 1618 5383 habeant
1648 5315 1834 5398 requisitos
1860 5323 1893 5384 et
1923 5336 1984 5382 nos
2009 5320 2051 5382 ad

396 5422 645 5503 requisicionem
669 5423 816 5506 parcium
841 5426 1017 5490 earundem
1041 5424 1094 5489 vel
1118 5424 1255 5491 alterius
1277 5405 1422 5508 ipsarum
1448 5426 1488 5488 ad
1515 5423 1635 5489 dictum
1660 5423 1791 5506 opidum
1807 5423 2052 5492 Frankenvord

663 5643 686 5683 u)
702 5635 753 5677 Aua
768 5635 911 5686 „terminusl
929 5635 1028 5678 ‚castretur
1043 5635 1128 5678 Rasur·
1144 5636 1279 5678 rer-braama.
1308 5635 1332 5689 h)
1345 5635 1374 5678 B.
1390 5635 1593 5688 „penthecostes·.
1622 5641 1643 5684 c)
1661 5623 1723 5676 Ultor
1737 5634 1780 5676 tter
1795 5633 1868 5676 Zella

453 5826 459 5854 ¹
480 5825 549 5877 1325
568 5823 632 5876 Mat
649 5827 674 5876 2.
714 5823 723 5854 ²
743 5827 812 5880 1326
830 5824 901 5878 Juut'
920 5829 944 5877 4.
