4414 6402
785 319 853 373 1318
872 317 938 374 Juni
959 319 974 372 1
994 351 1027 358 —
1048 318 1117 374 1318
1136 319 1203 376 Juni
1221 319 1246 373 9.
1799 321 1841 386 93

180 535 243 584 sue
275 515 430 602 legitime,
465 522 499 584 et
532 537 642 584 eorum
674 518 858 599 heredibus,
894 517 1019 583 civibus
1051 517 1435 598 Frankenvordensibus,
1470 539 1528 599 pro
1562 524 1691 584 centum
1723 517 1842 584 marcis

180 626 393 692 denariorum
417 625 666 706 Coloniensium,
693 625 799 692 tribus
829 625 1030 692 hallensibus
1061 645 1119 706 pro
1152 625 1288 692 denario
1320 625 1465 706 quolibet
1496 624 1704 707 computatis
1736 624 1842 689 minus

180 734 312 798 duabus
336 733 456 799 marcis
479 732 577 799 michi
600 733 780 800 numeratis
817 732 950 798 traditis
974 739 1006 798 et
1031 731 1156 814 solutis,
1182 739 1215 799 et
1233 733 1267 799 in
1282 732 1372 816 ipsos
1389 733 1479 798 dicta
1494 734 1581 799 bona
1597 731 1842 798 renuntiatione

180 837 335 921 perfecta
359 840 628 907 transtulissem
652 839 772 907 iudicio
798 860 908 906 coram
934 891 966 905 ..
992 838 1135 905 scabinis
1159 840 1235 906 ville
1252 840 1454 906 Sozsinbeim
1478 839 1644 907 antedicta
1669 858 1740 904 cum
1765 858 1841 904 con-

179 966 283 1013 sensu
316 955 350 1014 et
380 950 467 1015 bona
497 950 668 1016 voluntate
699 946 840 1030 predicti
870 945 992 1012 domini
1020 946 1154 1013 Gerlaci
1184 947 1311 1013 comitis
1343 953 1377 1014 et
1407 947 1534 1014 domine
1557 946 1708 1031 Agnetis,
1739 944 1842 1027 ipsius

180 1055 411 1121 conthoralisl
433 1053 586 1138 legitime,
605 1053 758 1136 aquibus
776 1053 1004 1136 prenominata
1020 1036 1107 1118 bona
1123 1056 1362 1136 dependebant,
1382 1055 1436 1136 qui
1453 1054 1552 1121 etiam
1568 1053 1843 1120 renuntiaverunt

180 1162 271 1228 omni
294 1161 377 1228 iuris
401 1161 552 1244 dominio,
578 1166 662 1243 quod
686 1161 767 1243 ipsis
791 1161 825 1226 in
849 1159 1025 1241 sepedictis
1049 1160 1143 1226 bonis
1167 1162 1333 1243 hucusque
1351 1164 1559 1244 competebat
1575 1168 1608 1227 et
1623 1160 1658 1226 in
1674 1166 1843 1243 posterum

181 1273 370 1352 competere
402 1277 515 1351 posset
546 1289 673 1351 quoquo
704 1272 808 1350 modo,
841 1273 939 1350 prout
970 1267 1004 1333 in
1035 1268 1102 1334 suis
1133 1267 1256 1335 litteris
1287 1269 1478 1352 patentibus
1509 1273 1650 1350 desuper
1681 1264 1842 1334 coniectis

180 1376 312 1458 plenius
347 1377 545 1443 continetur.
604 1378 645 1442 In
680 1377 772 1442 cuius
807 1375 855 1441 rei
890 1374 1111 1440 testimonium
1147 1381 1181 1442 et
1216 1377 1359 1443 debitam
1393 1377 1583 1443 firmitatem
1618 1374 1807 1458 predictis.
1834 1425 1840 1437 .

181 1483 378 1567 coningibus
403 1490 436 1549 et
460 1503 571 1554 eorum
595 1484 771 1550 heredibus
796 1480 961 1564 prefatam
984 1480 1129 1547 litteram
1154 1481 1277 1549 tradidi
1292 1483 1355 1550 mei
1371 1483 1470 1567 sigilli
1487 1482 1688 1566 appensione
1703 1481 1843 1547 firmiter

181 1591 425 1658 communitam.
473 1593 595 1658 Datum
626 1611 712 1659 anno
741 1589 862 1656 domini
886 1586 1055 1655 millesimo
1080 1591 1310 1671 trecentesimo
1335 1591 1458 1658 decimo
1483 1596 1612 1673 octavo,
1637 1587 1724 1656 feria
1747 1592 1843 1654 sexta

181 1706 259 1779 post
283 1699 412 1766 Urbani
435 1719 520 1780 pape
544 1705 578 1765 et
601 1699 767 1782 martyris,

400 1841 461 1894 Das
479 1841 658 1909 aaladnpeadc
675 1839 763 1909 Sicpel
780 1841 817 1894 ist
836 1841 996 1910 abpefullen.
1033 1842 1072 1896 St.
1085 1843 1118 1897 A.
1134 1842 1184 1896 Fr.
1223 1842 1326 1897 Arclvio
1344 1841 1390 1894 dea
1403 1842 1587 1910 Allqeaneiaea
1602 1838 1842 1895 Alanoceakastarc.

180 2143 275 2219 101.
302 2151 377 2218 Dos
407 2153 542 2219 Kloster
571 2155 720 2220 Schduuu
750 2155 898 2236 secutast
928 2177 971 2221 on
1000 2157 1101 2240 Wigel
1130 2179 1190 2224 coa
1218 2158 1397 2223 Wanebocb
1426 2159 1493 2222 arod
1522 2158 1622 2241 Wipel
1651 2156 1776 2222 Frosch
1799 2160 1843 2220 20

302 2261 475 2347 Schilliupe
500 2261 589 2342 Zias,
614 2263 664 2327 die
693 2263 777 2328 aare
808 2264 911 2328 bisbcr
942 2285 1001 2328 coa
1025 2269 1067 2328 10
1090 2265 1228 2349 Morpea
1251 2265 1372 2330 lVicscn
1402 2270 1436 2330 c'u
1466 2266 1522 2330 cler
1547 2265 1752 2350 Gemcrlcuap
1783 2286 1843 2330 ooo

301 2366 336 2430 F
336 2369 488 2450 rouhfurt
511 2391 555 2434 aa
577 2370 637 2434 clas
661 2369 795 2435 Kloster
816 2393 858 2435 aa
881 2372 1051 2436 cutmclrtcn
1074 2373 1187 2437 battere
1235 2378 1323 2438 1318
1346 2373 1429 2439 Jum'
1453 2379 1482 2438 1.

291 2511 359 2577 Nos
382 2509 512 2578 iraterb
532 2513 555 2578 J
557 2514 689 2594 aeobuS,
715 2512 887 2578 abbatissa
903 2520 1057 2594 totusque
1074 2521 1255 2581 conventus
1271 2515 1463 2582 monasterii
1481 2515 1693 2598 Schonauvve,
1719 2515 1842 2583 ordinis

179 2617 434 2700 cysterciensis,
459 2619 668 2702 presentibus
693 2620 956 2703 recognoscimus
980 2640 1019 2686 ao
1043 2620 1215 2704 universis
1242 2642 1377 2704 quorum
1401 2641 1497 2688 nosse
1520 2622 1669 2705 interest,
1696 2622 1842 2704 cupimus

178 2725 254 2792 fore
288 2732 410 2806 notum,
437 2729 522 2806 quod
553 2745 614 2792 nos
644 2727 790 2793 unanhni
821 2747 981 2794 consensu
1012 2727 1182 2794 vendimus
1212 2729 1301 2796 iusto
1332 2728 1534 2796 vendicionis
1558 2729 1665 2812 tytulo
1690 2729 1842 2796 discretis

178 2832 265 2900 viris
278 2832 444 2917 Wigeloni
466 2833 554 2899 dicto
575 2837 615 2914 de
627 2835 818 2900 Wanebach
835 2839 869 2901 et
881 2834 1045 2919 Wigeloni
1060 2835 1147 2902 dicto
1164 2837 1301 2919 Frosch,
1327 2836 1455 2903 civibus
1471 2837 1840 2920 Frankcasordensibor,

180 2959 362 3021 eorumque
386 2940 561 3006 heredibus
586 2940 735 3007 redditus
759 2960 886 3024 annuos
910 2941 1031 3026 viginti
1054 2942 1229 3008 solidorum
1254 2931 1462 3009 denariorum
1487 2944 1735 3026 (boloniensium,
1761 2964 1842 3025 quos

178 3047 282 3114 iidem
303 3046 433 3131 Wigelo
467 3052 501 3114 et
522 3048 659 3131 Wygelo
693 3046 787 3114 nobis
821 3052 860 3114 de
891 3051 1002 3114 decem
1031 3049 1200 3133 iugeribus
1231 3057 1423 3132 pratorum⁰
1450 3051 1484 3117 in
1514 3051 1664 3117 terminis
1696 3050 1842 3118 civitatis

178 3150 526 3236 Frankeaforderasts⁶l
547 3154 685 3220 sitorum
716 3155 845 3222 nomine
877 3156 977 3222 annui
1008 3175 1125 3223 census
1149 3158 1309 3224 hactenus
1334 3158 1473 3242 singulis
1497 3159 1593 3225 annis
1618 3159 1785 3242 porrigere
1809 3166 1843 3224 et

180 3260 315 3329 solvere
346 3261 555 3342 tenebantur,
581 3281 640 3344 pro
671 3261 791 3345 viginti
822 3269 855 3328 et
879 3270 1021 3345 quatuor
1043 3264 1163 3331 marcis
1188 3265 1395 3331 denariorum
1421 3265 1661 3334 Coloniensium
1684 3268 1842 3332 bonorum

179 3375 218 3434 et
250 3367 415 3450 legahum,
441 3388 522 3449 quas
554 3370 595 3435 ab
620 3369 741 3435 eisdem
757 3369 985 3452 Wigelonibus
1008 3370 1103 3437 nobis
1127 3371 1336 3456 integraliter
1360 3380 1550 3440 numeratas
1575 3379 1608 3440 et
1631 3377 1841 3455 presentatas

179 3473 387 3540 anctoritate
418 3474 624 3556 presencium
654 3475 783 3558 pubhce
808 3483 1046 3560 protestamur,
1074 3477 1284 3561 resignantes
1308 3483 1342 3544 et
1365 3479 1598 3547 renunciantes
1622 3482 1661 3546 de
1686 3480 1783 3562 plano
1808 3483 1843 3552 et

178 3580 312 3662 precise
337 3581 422 3647 omni
445 3581 518 3663 iuri,
544 3585 629 3663 quod
652 3582 748 3649 nobis
771 3583 804 3648 in
821 3583 1009 3650 memoratis
1027 3602 1126 3650 censu
1143 3589 1177 3650 et
1192 3584 1298 3666 pratis
1315 3586 1475 3653 hactenus
1491 3589 1698 3669 conpetebat,
1724 3589 1842 3651 dantes

179 3687 413 3754 nichilominus
444 3685 585 3769 prefatis
601 3688 827 3772 Wigelonibus
857 3691 918 3756 has
948 3691 1072 3757 litteras
1103 3690 1209 3775 sigillo
1238 3698 1351 3758 nostro
1376 3693 1540 3778 sigillatas
1562 3694 1597 3760 in
1621 3690 1842 3760 testimonium
1951 3776 1953 3780 Ι

181 3813 288 3876 super
312 3814 359 3860 eo.
406 3797 528 3862 Actum
551 3803 586 3862 et
609 3795 722 3863 datum
746 3817 833 3863 anno
858 3796 980 3863 domini
1002 3799 1042 3862 rh.
1066 3795 1131 3864 otc.
1154 3777 1293 3882 xviii,
1319 3799 1352 3866 in
1377 3800 1569 3867 ascensione
1593 3801 1723 3868 domini.

399 3936 543 4004 Abacbrt'ft
560 3895 1002 4005 inflammata-Stiboffllcher
1020 3939 1074 3994 No.
1086 3943 1122 3995 24
1141 3941 1218 4006 fleo.
1255 3941 1295 3997 St.
1310 3943 1345 3996 A.
1360 3942 1412 3996 nr.

180 4241 279 4317 102.
304 4250 478 4317 Heilmoua
507 4252 622 4318 Emere
651 4275 720 4339 peu.
742 4255 880 4320 Scbclmc
910 4255 976 4320 uad
1006 4255 1116 4320 desseu
1145 4255 1241 4320 Frau
1264 4255 1427 4336 Mecbtild,
1459 4254 1678 4338 Fronkfurter
1701 4256 1840 4342 Biirpcr,

305 4359 480 4442 cmkaufcu
508 4361 578 4426 ciem
601 4359 734 4426 Kloster
756 4363 801 4428 St.
820 4362 970 4428 Andreas
1001 4364 1048 4427 bei
1070 4362 1182 4428 Fatua
1211 4363 1271 4428 deu
1300 4363 1411 4429 cabaa
1436 4363 1525 4428 Toou
1547 4363 1602 4428 des
1627 4363 1765 4430 Zehutea
1786 4367 1853 4429 der·

305 4464 429 4549 Ddrfer
452 4467 614 4534 Boaarnes
636 4469 703 4534 und
727 4469 893 4534 Heraeam.
942 4475 1029 4534 1318
1051 4470 1135 4535 Jrauc'
1158 4477 1188 4538 9.

294 4607 366 4693 Ego
390 4611 617 4694 Heplmannus
640 4611 760 4677 Emere
789 4610 898 4678 dictus
918 4611 1064 4679 Schelme
1096 4619 1129 4678 et
1152 4611 1330 4694 Methildis,
1363 4632 1445 4678 uxor
1469 4612 1539 4678 eius
1561 4611 1726 4697 legittima,
1753 4612 1841 4681 cives

179 4714 507 4798 Franckiurdenses
532 4716 740 4798 presentibus
765 4718 893 4800 publice
917 4719 1117 4801 profitemur,
1143 4722 1227 4799 quod
1251 4738 1311 4785 nos
1336 4719 1575 4786 communicata
1591 4739 1689 4786 manu
1705 4720 1842 4801 parique

181 4842 350 4890 consensu
380 4831 531 4891 octavam
562 4832 690 4907 partem
721 4825 856 4907 decime,
882 4845 978 4907 quam
1009 4825 1042 4891 in
1067 4825 1201 4892 decimis
1225 4825 1377 4892 villarum
1400 4828 1581 4894 Bonomese
1605 4833 1639 4892 et
1661 4827 1840 4911 Harheym,

181 4934 226 4996 de
258 4931 374 5011 quibus
403 4931 444 4997 lis
475 4931 545 4998 sive
576 4931 703 5014 questio
735 4932 809 4998 olim
839 4933 926 4999 inter
954 4932 1162 4999 honorabiles
1193 4933 1282 5000 viros
1306 4932 1452 5000 dominos
1475 4933 1678 5016 prepositum
1703 4940 1736 5000 et
1767 4953 1850 5001 con-.

180 5043 322 5104 ventum
344 5039 430 5105 Novi
452 5038 572 5104 montis
595 5058 698 5120 prope
721 5039 861 5105 Fuldam
886 5059 926 5106 ex
948 5059 1024 5122 una,
1050 5045 1084 5105 et
1107 5040 1338 5106 Brendelinum
1362 5040 1498 5107 militem
1522 5044 1561 5106 de
1577 5040 1778 5125 Hohenberg
1801 5060 1841 5107 ex

181 5150 284 5226 parte
315 5145 421 5211 altera
451 5147 655 5227 vertebatur,
680 5146 841 5212 hactenus
869 5145 1032 5213 tenuimus
1056 5152 1090 5212 et
1114 5147 1317 5229 possedimus
1340 5148 1476 5230 pacifice
1500 5155 1533 5214 et
1556 5147 1675 5230 quiete,
1701 5145 1842 5231 prelatis

181 5250 326 5318 dominis
349 5252 517 5335 preposito
541 5259 575 5318 et
598 5253 775 5320 conventui
790 5253 875 5320 Novi
890 5253 1010 5320 montis
1026 5252 1231 5320 vendidimus
1246 5253 1333 5321 iusto
1350 5253 1553 5323 vendicionis
1569 5254 1665 5320 titulo
1682 5262 1841 5337 perpetuo

182 5357 418 5441 possidendam
443 5378 502 5443 pro
526 5365 599 5425 octo
624 5359 745 5426 marcis
770 5359 977 5426 denariorum
994 5360 1233 5427 Coloniensium
1249 5358 1402 5444 legalium
1419 5368 1452 5427 et
1467 5364 1636 5444 bonorum,
1662 5363 1703 5426 ab
1721 5361 1841 5428 eisdem

180 5465 218 5531 in
251 5475 424 5533 numerata
453 5465 594 5548 pecunia
623 5473 840 5549 receptorum.
897 5466 1176 5534 Renuntiavimus
1207 5467 1310 5536 eciam
1340 5476 1410 5534 tam
1440 5488 1499 5549 pro
1530 5467 1623 5535 nobis
1654 5487 1751 5549 quam
1782 5488 1841 5549 pro

180 5571 362 5638 heredibus
392 5573 515 5640 nostris
545 5568 764 5640 successivis⁰
790 5573 876 5640 omni
905 5573 978 5655 iuri,
1011 5576 1096 5655 quod
1127 5573 1221 5640 nobis
1251 5574 1285 5639 in
1317 5577 1430 5640 eadem
1455 5581 1575 5641 octava
1599 5581 1694 5656 parte
1719 5574 1841 5642 decime

455 5765 715 5818 n)0r.‚,conth0rsu“.
744 5765 933 5820 b)„.10hannes“
947 5768 1091 5819 pestrv'clreu.
1121 5748 1557 5821 c)Veroes'sertares„predtctorum“.
1586 5767 1610 5822 d)
1623 5767 1842 5822 Vorlape„Fralu“.

401 5839 423 5890 a)
438 5834 555 5890 Vorlape:
568 5837 736 5889 ,‚succeotv1s“.
