4414 6402
887 277 955 332 1320
973 275 1090 331 October
1110 278 1132 330 l.
1776 277 1836 342 121

181 477 231 538 est
259 471 417 554 superius
439 471 474 538 in
499 471 602 538 tercio
626 471 774 539 articulo.
823 473 907 538 Item
931 471 1108 554 requisitus
1132 474 1172 537 de
1196 470 1328 553 publica
1350 490 1430 538 voce
1456 470 1612 550 etfama,
1638 470 1729 550 dicit,
1755 473 1840 552 quod

182 580 306 662 credat,
340 581 427 660 quod
458 569 608 661 pluribus
639 581 769 644 constet
799 577 990 644 christianis
1022 583 1054 643 et
1084 575 1200 651 iudeis,
1225 577 1281 658 qui
1310 577 1511 644 tractatibus
1542 583 1575 642 et
1605 575 1840 660 pagacionibus

181 681 414 754 interfuerunt.
454 674 501 750 Et
515 685 577 752 hec
594 684 755 767 premissa
771 685 878 751 omnia
895 703 935 750 er
951 691 1045 751 certa
1060 683 1203 750 sciencia
1219 683 1283 750 sibi
1300 689 1463 751 constant.
1503 685 1575 750 Non
1593 689 1643 749 est
1660 683 1840 749 collocutus

185 791 235 856 ‘vel
261 791 472 872 subornatus
498 807 559 857 nec
583 791 715 875 deponit
739 790 813 857 odio
837 790 891 858 vel
913 785 1029 857 favore
1053 795 1087 856 et
1111 795 1231 856 cetera.
1280 791 1313 874 2)
1337 791 1421 856 Item
1442 787 1557 857 Crafto
1582 789 1689 855 dictus
1706 790 1840 871 Groppe

182 888 282 978 midos,
309 896 406 962 testis
422 898 594 980 secundus,
619 897 749 964 iuratus
765 903 800 964 et
816 896 993 978 requisitus
1010 915 1109 980 super
1125 896 1229 978 primo
1246 901 1280 962 et
1296 899 1438 962 secundo
1455 895 1603 962 articulis
1618 895 1839 962 intencionum

183 1022 241 1085 per
270 1003 380 1070 omnia
409 1009 442 1070 et
472 1001 507 1069 iu
537 1003 685 1070 omnibus
716 1003 851 1086 deponit
879 1010 913 1070 et
937 1006 1116 1070 concordat
1140 1023 1212 1069 cum
1236 1001 1394 1070 Oraltone
1418 1001 1519 1069 milite
1544 1005 1583 1068 de
1606 1002 1834 1083 Beldirsheim,

183 1115 267 1176 teste
303 1111 516 1192 precedente,
548 1110 626 1192 quia
660 1109 731 1193 ipse
766 1109 862 1176 testis
898 1117 1035 1194 rogatus
1070 1129 1128 1192 per
1159 1105 1349 1176 draitonem
1385 1111 1424 1176 de
1454 1109 1688 1190 Beldersheim,
1722 1114 1839 1174 testem

184 1217 429 1298 precedentem,
464 1215 527 1282 ivit
561 1213 595 1282 in
631 1215 789 1282 comitatu
825 1215 967 1298 predicti
1001 1216 1129 1282 comitis
1164 1221 1198 1282 et
1229 1215 1373 1298 perdidit
1405 1235 1503 1281 unum
1531 1215 1709 1296 caballum,
1746 1224 1861 1295 quem¹
1953 1275 1955 1280 ,

186 1328 312 1388 emerat
344 1340 403 1403 pro
436 1320 555 1404 viginti
589 1328 731 1403 quatuor
762 1323 883 1390 marcis
916 1323 1123 1390 denariorum
1157 1322 1397 1389 coloniensium
1430 1323 1598 1404 honorum,
1630 1327 1664 1387 et
1693 1329 1840 1401 temporo

185 1426 370 1510 solucionis,
396 1447 468 1494 cum
499 1427 622 1494 dictum
653 1427 815 1496 cabellum
845 1429 973 1497 solvere
1002 1429 1125 1510 debuit,
1152 1433 1185 1495 et
1208 1448 1268 1494 nec
1295 1483 1326 1498 ..
1352 1448 1461 1496 comes
1484 1428 1537 1496 vel
1561 1425 1675 1494 Cralto
1699 1427 1841 1510 predicti

184 1535 246 1617 ipsi
267 1553 333 1602 non
357 1533 602 1618 satisfacerent,
628 1535 735 1602 dictas
758 1535 878 1619 viginti
893 1543 1036 1619 quatuor
1051 1554 1181 1602 marcas
1198 1538 1285 1618 apud
1301 1533 1467 1618 prelatum
1484 1535 1693 1602 Salmannum
1709 1533 1840 1598 iudeum

186 1640 310 1723 recepit
340 1641 400 1706 sub
430 1641 550 1722 usuris,
575 1648 609 1707 et
640 1660 713 1708 cum
743 1641 840 1708 testis
867 1644 1048 1724 precedens
1072 1647 1190 1708 testem
1213 1641 1400 1722 loquentem
1423 1639 1544 1708 exemit
1566 1647 1600 1706 et
1623 1659 1659 1706 se
1682 1659 1723 1705 ex
1745 1645 1840 1721 parte

187 1746 313 1814 comitis
349 1747 558 1814 constituerit
594 1748 809 1832 principalem
844 1748 1041 1830 debitorem,
1077 1747 1163 1814 idem
1199 1746 1313 1814 Cralto
1349 1750 1389 1814 de
1424 1746 1639 1814 Beldirsheim
1675 1743 1840 1828 prelatum

186 1853 376 1921 draitonem
400 1853 549 1938 Groppin
578 1874 650 1920 cum
674 1855 867 1937 quibusdam
891 1855 964 1921 aliis
988 1873 1146 1937 superse
1170 1873 1210 1920 ex
1234 1864 1331 1936 parte
1355 1854 1482 1921 comitis
1505 1854 1646 1937 predicti
1669 1850 1840 1919 constituit
1967 1937 1972 1946 Ι

184 1961 418 2027 fideiussorem.
465 1960 551 2027 Item
581 1961 758 2043 requisitus
791 1981 890 2044 snper
913 1961 1017 2028 tercio
1041 1970 1080 2028 et‘
1099 1970 1218 2044 quarto
1242 1960 1401 2044 articulis,
1427 1961 1516 2043 dicit,
1542 1960 1607 2026 sibi
1629 1959 1729 2026 nichil
1752 1957 1840 2024 aliud

185 2075 338 2134 constare
362 2086 403 2133 ex
427 2067 484 2144 eia,
509 2069 566 2133 sed
591 2070 675 2149 quod
701 2069 871 2136 absolutus
896 2077 947 2134 est
968 2071 1010 2135 ab
1025 2069 1100 2152 ipse
1115 2067 1322 2135 fideiussione
1339 2075 1373 2134 et
1390 2071 1472 2148 quod
1490 2067 1605 2132 iudeus
1619 2065 1726 2149 ipsum
1742 2083 1842 2147 super

185 2191 224 2240 ca
246 2173 419 2240 nunciavit
442 2173 580 2240 liberum
605 2181 638 2240 et
662 2176 813 2241 solutum.
861 2175 970 2242 Nichil
993 2175 1080 2241 aliud
1105 2175 1188 2242 certi
1212 2174 1300 2256 dicit,
1326 2195 1391 2241 non
1415 2180 1466 2240 est
1490 2173 1671 2240 collocutus
1694 2171 1748 2238 vel
1764 2172 1840 2236 sub·

184 2291 338 2362 ornatae,
369 2300 429 2347 nec
460 2281 595 2363 deponit
624 2281 698 2348 odio
729 2281 782 2350 vel
800 2281 927 2350 ¹lavore
957 2287 989 2348 et
1020 2287 1142 2348 cetera.
1196 2283 1229 2365 3)
1253 2283 1337 2348 Item
1354 2281 1517 2348 Volradus
1546 2279 1648 2361 miles,
1680 2278 1840 2344 scultetus

183 2385 517 2470 Frankinlordensis,
549 2388 646 2454 testis
676 2389 816 2472 terciuS,
847 2388 979 2456 iuratus
1008 2395 1041 2456 et
1071 2388 1249 2471 requisitus
1281 2408 1379 2470 super
1410 2388 1558 2455 omnibus
1588 2385 1737 2452 articulis
1768 2402 1841 2465 pre·

184 2493 382 2576 scriptarum
411 2493 645 2577 intentionum,
670 2496 760 2578 dicit,
786 2495 848 2563 sibi
876 2501 1039 2579 constare,
1065 2499 1151 2578 quod
1175 2493 1290 2562 Orafto
1315 2494 1422 2561 iunior
1446 2497 1486 2560 de
1509 2491 1725 2560 Beldirsheim
1748 2489 1840 2556 miles

184 2599 276 2666 venit
301 2603 343 2666 ad
366 2600 473 2683 ipsum
484 2601 663 2668 Volradum
688 2609 815 2684 testem,
841 2621 1026 2686 preponens
1043 2602 1082 2684 ei,
1108 2605 1193 2684 quod
1210 2601 1359 2669 dontinus
1374 2601 1409 2666 P.
1428 2599 1694 2682 archiepiscopus
1711 2595 1840 2663 domino

182 2706 330 2774 Iohanni
362 2707 472 2774 comiti
506 2711 546 2773 de
577 2708 761 2792 Cyginhain
793 2709 941 2792 predicto
975 2709 1161 2792 promiserit
1194 2711 1273 2775 dare
1306 2714 1436 2774 centum
1467 2725 1597 2773 marcas
1630 2703 1839 2770 denariorum

182 2813 435 2896 coloniensium,
461 2823 495 2880 et
526 2818 610 2896 quod
640 2816 712 2898 ipse
737 2813 852 2882 Crafto
884 2823 972 2883 esset
1003 2836 1062 2899 pro
1093 2817 1181 2882 dicto
1206 2816 1324 2883 comite
1348 2815 1524 2882 Salmanno
1549 2817 1589 2879 de
1612 2808 1839 2889 Bruchseldin,

181 2919 278 2986 iudeo
310 2919 469 3002 predicto,
493 2921 528 2988 in
559 2921 801 3006 quinquaginta
830 2941 960 2990 marcas
991 2922 1198 2989 denariorum
1230 2921 1406 3005 obligatus,
1431 2928 1465 2987 et
1496 2926 1612 3003 petens
1636 2920 1677 2984 ab
1702 2934 1740 2983 eo
1765 2934 1840 2981 con-

182 3025 289 3092 silium
320 3033 355 3094 et
382 3027 548 3110 cumbum,
574 3027 716 3110 qualiter
738 3029 923 3110 inportaret
948 3029 1128 3113 negocium,
1152 3036 1189 3094 at
1213 3027 1386 3111 pecuniam
1411 3031 1666 3108 consequeretur
1689 3027 1731 3088 ad
1755 3022 1841 3088 redi-

183 3137 336 3200 mendum
359 3153 394 3200 se
419 3154 440 3200 a
463 3135 551 3201 dicto
574 3135 688 3217 iudeo;
713 3135 942 3216 quiVolradus
962 3133 1049 3201 dixit
1069 3135 1233 3217 adipsum
1250 3133 1456 3201 draitonem:
1486 3132 1661 3218 ,Accedite
1679 3129 1840 3196 dominum

182 3240 467 3323 archiepiscopum
491 3248 534 3322 et,
560 3241 590 3308 si
612 3241 764 3324 poteritis
788 3243 911 3308 habere
935 3261 1012 3308 suas
1035 3241 1166 3308 litteras
1190 3245 1316 3322 adme,
1342 3261 1403 3325 ego
1427 3240 1598 3323 expediam
1621 3257 1681 3307 vos
1704 3241 1744 3302 de
1768 3236 1840 3318 ipsa

180 3347 355 3430 pecnnia&
381 3354 416 3414 et
439 3346 598 3414 Craitone
622 3367 755 3418 reverso
779 3369 800 3414 a
824 3347 952 3415 domino
976 3347 1169 3432 Mogontino
1195 3351 1237 3414 ad
1261 3349 1447 3430 scultetum,
1472 3347 1544 3430 ipse
1567 3343 1728 3412 scultetus
1752 3341 1841 3408 misit

182 3473 241 3536 pro
264 3453 445 3521 Salmanno
476 3455 583 3536 iudeo,
608 3455 663 3536 qui
694 3455 830 3522 veniens
861 3458 902 3521 ad
933 3458 1062 3522 domum
1092 3455 1225 3522 sculteti
1255 3459 1289 3520 et
1320 3454 1417 3537 petiit
1446 3454 1576 3535 aliquas
1599 3469 1718 3518 usuras
1742 3468 1841 3532 super

181 3559 305 3626 dictis·
337 3561 577 3645 quinquaginta
606 3561 737 3644 marcis
762 3569 797 3628 et
822 3561 893 3644 ipse
917 3562 1078 3628 scultetus
1102 3559 1339 3645 Interponensb
1363 3581 1398 3628 se
1423 3561 1565 3628 obtinuit
1588 3561 1675 3642 apud
1699 3558 1839 3639 iudeum,

181 3670 268 3749 quod
302 3675 478 3734 contentus
511 3666 575 3734 luit
607 3669 641 3734 in
674 3667 914 3753 quinquaginta
946 3669 1066 3734 marcis
1098 3673 1131 3734 et
1164 3667 1374 3737 renunciavit
1406 3667 1525 3735 ceteris
1556 3667 1675 3747 usuris,
1705 3671 1738 3730 et
1769 3665 1839 3746 ipso

181 3773 344 3840 scultetus
367 3773 538 3842 mandavit
561 3773 667 3857 ipsum
690 3771 901 3841 Sahnannum
924 3775 1043 3858 pagani
1066 3795 1087 3840 a
1109 3774 1215 3841 iudeis
1238 3774 1615 3854 libanltenlordensibus,
1641 3780 1675 3838 et
1697 3777 1840 3855 pagatus

180 3878 246 3946 fult
277 3887 312 3946 et
341 3879 414 3962 ipse
447 3881 687 3966 quinquaginta
716 3901 826 3949 marce
857 3879 993 3948 fuerunt
1023 3880 1152 3948 domiuo
1176 3882 1369 3966 Mogentino
1393 3881 1428 3947 in
1452 3881 1519 3947 suis
1543 3879 1735 3958 redditibus
1760 3895 1840 3958 quos

179 3985 270 4054 iudei
300 3987 333 4054 ei
362 3987 516 4054 solebant
545 3987 682 4070 solvere,
708 3986 883 4056 defalcate.
931 3988 1030 4054 Aliud
1057 3986 1158 4054 nichil
1180 3989 1261 4055 dicit
1284 3988 1347 4055 sibi
1371 3993 1526 4054 constare
1548 3986 1602 4055 vel
1624 3987 1710 4051 unde
1734 3991 1839 4050 ortum

179 4093 346 4161 habuerit.
392 4095 466 4162 Non
490 4101 541 4162 cst
566 4096 746 4163 collocutus
769 4095 823 4164 vel
846 4096 1056 4162 subornatus.

289 4219 487 4286 Honorabili
513 4219 585 4286 viro
609 4219 738 4286 domino
762 4219 991 4287 thesaurario⁰
1013 4220 1259 4287 Fritslariensis
1283 4221 1419 4287 ecclesie
1442 4219 1544 4285 iudici
1567 4224 1601 4284 et
1625 4223 1736 4284 cetera
1760 4217 1840 4282 Ber-

180 4325 303 4406 toldus,
328 4325 563 4409 viceplebanns
594 4327 731 4394 ecclesie
754 4325 1081 4408 Franltiniordensis,
1107 4326 1259 4410 quicquid
1291 4333 1402 4410 potest
1428 4325 1616 4394 reverencie
1640 4330 1673 4389 et
1696 4321 1839 4389 honoris.

180 4432 369 4514 Noveritis,
406 4451 457 4499 me
492 4436 535 4499 ad
569 4437 760 4500 mandatum
795 4441 941 4501 vestrum
977 4440 1080 4500 testes
1116 4434 1319 4516 prescriptos
1354 4435 1481 4500 iuratos
1516 4431 1681 4513 recepisse
1717 4435 1750 4494 et
1784 4447 1840 4493 eos

181 4539 391 4606 examinasse
421 4560 480 4622 per
510 4540 752 4624 Eckehardum,
784 4535 948 4611 vilarium
977 4540 1115 4607 ecclesie
1146 4540 1472 4622 FranltinlordensiS,
1503 4539 1648 4624 iuratum
1678 4534 1857 4602 notarium*

181 4666 376 4729 causarum,
409 4654 443 4713 et
478 4647 717 4714 attestationes
752 4667 863 4714 eorum
897 4647 990 4715 vobis
1020 4647 1170 4727 remitto,
1202 4647 1309 4732 sigillo
1340 4647 1495 4730 parochie
1525 4640 1840 4711 Frankinlordensis

181 4753 325 4820 fideliter
346 4754 555 4822 interclusas.
603 4756 637 4840 4)
660 4757 743 4822 Item
769 4757 949 4836 Conradus,
974 4751 1117 4820 famulus
1140 4754 1343 4821 Markelonis
1368 4753 1448 4819 dicti
1472 4755 1511 4818 de
1526 4751 1649 4817 Kebele
1672 4748 1784 4815 militis
1806 4747 1840 4813 in

181 4859 384 4942 Assinheim,
410 4861 617 4928 examinatus
649 4881 709 4944 per
732 4863 926 4944 Iohannem,
951 4861 1201 4943 vicoplehanum
1225 4861 1362 4927 ecclesie
1385 4857 1630 4940 Lieohenensis,
1654 4857 1784 4923 iuratus
1807 4862 1841 4919 et

181 4966 363 5048 requisitas
394 4970 434 5034 de
465 4967 568 5049 primo
599 4969 739 5035 articulo
769 4969 1001 5049 intencionum,
1026 4968 1171 5051 deponit,
1196 4968 1379 5050 predictum
1409 4966 1584 5046 articulum
1615 4983 1686 5030 esse
1716 4981 1838 5043 verum,

181 5082 216 5140 et
242 5073 345 5156 addit,
370 5078 456 5156 quod
483 5078 620 5142 eundem
644 5096 762 5158 equum
785 5075 920 5158 propria
942 5095 1041 5142 manu
1065 5075 1194 5142 domino
1219 5075 1331 5142 comiti
1352 5075 1484 5141 reduxit
1508 5071 1709 5154 supradicto.
1757 5069 1839 5134 Item

182 5180 362 5262 requisitus
387 5185 427 5248 de
451 5184 593 5248 secundo
619 5182 768 5265 articulo,
794 5181 882 5265 dicit,
908 5182 1014 5264 ipsum
1031 5201 1103 5249 esse
1119 5202 1243 5264 verum,
1262 5181 1346 5247 sicut
1362 5181 1459 5247 iacet.
1507 5181 1590 5245 Item
1607 5175 1784 5258 requisitus
1801 5177 1839 5239 de

182 5287 298 5370 tercio,
323 5288 412 5370 dicit,
439 5289 502 5355 sibi
526 5295 680 5356 constare
703 5292 743 5355 de
767 5289 1007 5374 quinquaginta
1029 5289 1123 5356 libris
1146 5288 1341 5356 hallensium
1364 5287 1470 5352 minus
1494 5305 1560 5351 una
1583 5284 1669 5351 libre
1692 5301 1731 5348 ex
1749 5289 1839 5346 certa

181 5393 339 5478 sciencia,
364 5395 440 5477 quia
465 5394 627 5478 interluit,
652 5395 736 5463 vidit
759 5402 793 5461 et
815 5393 952 5478 audivit,
977 5399 1063 5478 quod
1088 5404 1210 5481 pagate
1230 5394 1365 5461 luerunt
1381 5400 1414 5460 et
1430 5397 1600 5458 numerate
1618 5396 1651 5456 et
1666 5390 1730 5472 ipsi
1745 5389 1839 5454 iudeo

182 5501 309 5568 tradite
333 5501 368 5567 in
384 5504 478 5569 domo
498 5501 710 5569 Ecckehardi
727 5504 766 5568 de
778 5500 1027 5588 Vrouwinrade,
1053 5503 1136 5569 civis
1152 5499 1486 5582 Frankeniordensis,
1512 5506 1548 5565 et
1562 5499 1652 5581 dicit,
1679 5495 1840 5579 publicam

181 5608 296 5676 vocem
322 5616 355 5674 et
378 5599 501 5676 lamam
525 5627 597 5676 esse
623 5612 663 5675 de
687 5608 804 5691 quibus
828 5609 891 5675 sibi
916 5616 1055 5676 constat.
1104 5609 1150 5675 m
1173 5609 1235 5676 hiis
1260 5607 1537 5676 attestacionibus
1562 5603 1739 5690 publicatis
1756 5620 1841 5666 anno

438 5735 477 5800 ἰ)
492 5747 533 5792 Or.
548 5748 662 5801 ,dictast
691 5747 715 5802 b)
732 5749 772 5792 Or.
787 5749 962 5803 ,interponea·.
990 5750 1013 5802 c)
1028 5749 1069 5794 Or.
1085 5751 1289 5802 ,thesreuremot

237 5845 404 5892 summaer
417 5845 616 5891 Urkundenbuoh
630 5845 659 5892 IL
1701 5833 1735 5886 16
