4428 6406
881 359 949 415 reae
968 359 1079 430 August
1097 358 1121 413 a
1761 358 1825 426 267

168 559 299 641 imperii
328 559 441 625 fideles
473 558 593 640 dilecti,
625 559 731 624 nobis.
750 578 821 624 cum
852 559 955 624 multa
986 557 1205 644 [instancia]a
1234 563 1267 622 et
1296 563 1433 641 rogatus
1463 557 1631 624 conamine
1661 555 1826 622 humiliter

168 665 411 749 supplicarunt,
437 671 600 746 quatenus
623 664 705 747 ipsis
727 684 766 730 ac
784 664 879 746 opido
897 685 1006 730 corum
1024 664 1058 730 in
1076 661 1351 732 Franckeniirrti
1371 663 1530 746 predicto,
1548 681 1697 734 necuont
1721 663 1826 747 opidis

170 774 449 857 Geylenhusensi‚
473 771 698 838 Wetilariensr‘
728 779 761 838 ei
792 772 1037 854 Fridbergena',
1068 771 1212 854 ipsorum
1245 767 1457 852 coniuratisi
1492 772 1601 838 omnia
1632 777 1665 837 et
1695 770 1827 854 singula

169 880 355 964 privilegia,
386 881 461 946 iura
490 899 560 961 sua,
592 878 774 959 libertates,
807 878 936 962 gracias
967 884 999 944 et
1030 877 1307 944 consuetudinesr
1338 896 1416 944 suas
1447 884 1513 944 tam
1545 877 1699 960 antiquas
1730 897 1827 959 quam

170 1009 287 1069 notras
313 987 395 1070 ipsis
426 1008 447 1054 a
477 987 562 1053 divis
586 987 808 1053 Romanorum
838 985 1092 1067 imperatoribus
1123 984 1186 1050 act
1211 984 1353 1068 regibus,
1385 985 1674 1067 predecessoribus
1703 983 1826 1051 nostris

169 1096 302 1176 inchtiS,
329 1114 456 1160 necnon
480 1113 501 1160 a
523 1093 618 1159 nobis
642 1093 724 1173 ipsis
748 1093 950 1174 temporibus
974 1092 1153 1158 retroactis
1176 1091 1359 1174 gratiosius
1383 1091 1511 1158 indulta
1535 1097 1569 1158 et
1593 1111 1749 1159 concessa
1768 1109 1826 1157 seu

170 1202 317 1269 indultas
352 1209 384 1267 et
419 1220 594 1268 concessas
626 1203 666 1265 de
700 1200 798 1266 solita
831 1205 946 1266 nostra
979 1199 1156 1264 clemencia
1188 1198 1398 1281 dignaremur
1431 1200 1618 1281 approbare
1651 1219 1690 1265 ac
1723 1199 1826 1265 eciam

170 1309 416 1376 benivolenciae
447 1309 649 1374 confinnare.
696 1308 764 1372 Nos
794 1325 873 1372 vero
904 1306 1162 1385 considerantes
1187 1308 1271 1385 quod
1302 1303 1485 1371 infallibilis
1515 1306 1597 1371 fides
1627 1311 1661 1370 et
1692 1306 1826 1373 devocio

171 1423 338 1498 constans,
364 1414 591 1496 obsequiorum
616 1414 840 1496 promptitudo
865 1419 898 1478 et
915 1411 1114 1493 obediencia,
1140 1412 1258 1493 quibus
1275 1431 1355 1496 erga
1372 1431 1430 1477 nos
1447 1419 1481 1477 et
1497 1431 1626 1478 sacrum
1643 1413 1826 1478 Romanum

170 1525 341 1606 imperium
366 1541 494 1604 semper
517 1521 729 1587 laudabihter
753 1521 953 1600 claruerunt,
978 1519 1161 1586 huiusmodi
1181 1538 1291 1584 eorum
1308 1519 1503 1600 peticionem
1519 1522 1661 1585 reddunt
1677 1519 1826 1586 raciona-

172 1631 284 1698 biliter
315 1629 553 1696 admittendam
578 1635 766 1709 tanquamu
793 1627 943 1694 meritam
968 1626 1091 1708 atquet
1117 1626 1322 1709 condignam,
1347 1625 1428 1707 ipsis
1452 1626 1610 1707 predictis
1635 1625 1763 1692 civibus
1787 1646 1826 1692 ac

173 1737 277 1819 opidis
308 1733 594 1816 Fr·anckcnii1rt,i
624 1735 900 1818 Geylenhusensi,
924 1733 1148 1800 Wetilariensi
1179 1740 1212 1798 ct
1243 1731 1458 1798 Friuoerckt
1495 1733 1603 1798 omnia
1633 1739 1667 1798 et
1697 1733 1827 1816 singula

173 1863 282 1910 eornm
307 1841 490 1926 privilegia,
515 1839 598 1922 iura,
623 1840 797 1906 libertates
821 1846 854 1905 et
878 1840 1011 1924 gracias
1035 1859 1074 1905 ac
1099 1839 1353 1906 consuetudines
1377 1859 1606 1922 quascumque,
1633 1847 1731 1923 prout
1746 1840 1827 1922 ipsis

173 1971 191 2016 a
214 1949 373 2032 predictis
404 1947 526 2014 nostris
557 1945 845 2029 predecessoribus
876 1947 928 2013 vel
952 1945 1090 2012 anobis
1121 1946 1184 2011 rite
1215 1953 1248 2012 et
1271 1946 1518 2012 racionabiliter
1543 1947 1668 2012 tradita
1691 1953 1769 2013 sunt
1793 1955 1826 2012 et

173 2076 330 2123 concessa
353 2075 411 2122 seu
435 2054 558 2120 tradite
582 2061 615 2119 et
640 2073 803 2135 concesse,
830 2055 1052 2136 approbamus
1076 2058 1128 2118 ett
1153 2053 1333 2136 graciosius
1358 2054 1594 2120 confirmamus.
1643 2053 1732 2119 Nulli
1747 2072 1826 2137 ergo

174 2163 325 2230 ommino⁸
349 2161 514 2228 hominum
537 2160 639 2226 liceat
662 2161 747 2226 hanc
772 2167 884 2226 nostre
909 2159 1169 2226 confirmacionis
1195 2157 1277 2247 [et]b
1298 2160 1552 2242 approbacionis
1577 2161 1755 2245 paginama
1779 2161 1827 2226 in-

173 2269 316 2354 fringere
343 2270 394 2336 vel
418 2268 449 2334 ei
471 2287 554 2333 ausu
578 2264 713 2348 aliquol
738 2266 912 2332 temerario
930 2267 1132 2337 contraires
1171 2269 1265 2351 Quod
1282 2267 1337 2347 qui
1354 2267 1600 2349 presumpserit,
1624 2267 1827 2352 indignacio-

173 2397 242 2444 nem
274 2383 422 2443 nostram
453 2382 487 2441 et
514 2393 631 2456 penam
656 2378 785 2438 centum
809 2371 967 2438 librarum
992 2373 1065 2439 auri
1089 2373 1163 2455 puri
1185 2373 1340 2455 ponderis
1363 2373 1490 2457 legalia,
1516 2373 1724 2440 medietatem
1748 2375 1826 2440 fisco

173 2492 283 2551 nostro
309 2489 342 2549 et
367 2481 526 2562 reliquam
549 2480 759 2547 medictatem
783 2481 891 2562 passis
915 2479 1070 2547 iniuriam
1094 2481 1295 2562 solvendam,
1321 2499 1356 2545 se
1379 2480 1509 2548 noverit
1532 2481 1747 2550 incursurum.
1788 2483 1827 2548 In

174 2611 307 2673 quorum
332 2588 497 2655 omniumv
523 2587 743 2654 testimonium
761 2595 795 2652 ct
809 2587 1023 2653 firmitatemt
1043 2595 1212 2670 presentes
1230 2587 1392 2654 conscribi
1408 2593 1466 2652 etv
1489 2588 1579 2654 bulla
1595 2595 1710 2655 nostra
1726 2609 1828 2656 aurea

173 2697 324 2764 iussimus
355 2694 553 2762 oonrmuniri.
602 2695 726 2760 Datum
755 2692 867 2776 Papie,
899 2693 1058 2777 vigesima
1089 2694 1256 2776 septimeo
1290 2694 1341 2760 die
1373 2695 1493 2761 mensis
1523 2695 1615 2777 iunii,
1646 2695 1827 2763 indictione

174 2803 394 2882 duodecimae
428 2821 514 2868 anno
550 2801 671 2867 domini
700 2800 869 2867 millesimo
901 2801 1131 2866 trecentesimo
1162 2801 1315 2868 vicesimo
1347 2821 1448 2883 nono,
1480 2801 1575 2885 regni
1604 2803 1711 2868 nostri
1741 2823 1827 2869 anno

174 2909 421 2992 quintodecimo,
446 2908 576 2989 imperii
599 2927 679 2976 vero
703 2909 855 2974 secundo.
896 2907 1054 2990 0Signum
1079 2907 1200 2973 domini
1215 2907 1385 2974 Ludovvici
1408 2908 1520 2988 quarti
1535 2909 1826 2996 Romanoruth)

172 3016 380 3100 imperatoris
403 3014 620 3084 invictissimi.
668 3015 741 3097 Ego
766 3003 871 3080 irater
891 3013 1067 3080 Heinricus
1092 3033 1185 3080 sacre
1211 3014 1372 3098 theologie
1397 3018 1520 3096 doctor,
1546 3035 1664 3098 gerens
1689 3016 1827 3083 officium

174 3123 360 3191 cancellarii
376 3121 497 3190 domini
513 3121 724 3204 imperatoris
739 3121 811 3188 vice
828 3120 1069 3203 archiepiscopi
1081 3119 1294 3203 boloniensis
1313 3121 1594 3189 archicancellarii
1611 3142 1670 3204 per
1683 3123 1825 3206 Italiam,

173 3231 357 3315 recognovi.

387 3372 433 3427 Or.
449 3372 537 3442 Ppmt.
557 3373 606 3426 mit
624 3373 752 3442 poldaner
771 3373 852 3427 Buta
870 3389 907 3425 aa
926 3373 1092 3443 roth-peltzen
1112 3371 1303 3436 Seideasddea.
1341 3371 1379 3426 St.
1390 3373 1424 3426 A.
1437 3373 1488 3426 ivr.
1526 3373 1694 3443 Pmodeps'en
1705 3373 1759 3428 No.
1771 3378 1827 3427 421¹

439 3462 499 3526 (B).
537 3461 611 3514 Eine
629 3461 731 3514 andere
743 3461 944 3531 Anasartipanp
963 3461 1010 3513 mit
1030 3461 1087 3514 dem
1102 3460 1331 3530 Mojastdtssiepel
1351 3462 1412 3524 (mit
1425 3462 1597 3531 Rdclcsiepel)
1611 3480 1649 3517 aa
1661 3464 1828 3531 roth-pelian

437 3549 621 3614 Seidcasdden
635 3550 695 3616 (A),
712 3549 748 3603 it.
763 3549 929 3619 Pries'ispica
948 3549 1001 3602 No.
1015 3552 1058 3618 42,
1071 3550 1107 3602 iot
1120 3565 1178 3603 vom
1191 3553 1234 3604 26.
1248 3548 1318 3604 Juai
1332 3552 1402 3604 1329
1413 3550 1509 3605 delict.
1543 3551 1601 3620 Vpl.
1616 3552 1661 3606 dic
1674 3553 1828 3606 Veriaraca

438 3640 469 3692 ia
487 3640 540 3692 dea
558 3639 775 3709 Anmerhaapea.

386 3744 1826 3814 Gedr.aachA.:P.ctP.,l,19,·11,15=Ldaip,R.A.,XIH,10,·aachB..·B.,503;Rctmer,11,316.

390 3853 483 3907 Vera:
501 3854 545 3920 B,
565 3853 631 3923 Περ,
645 3853 726 3920 Lod,
747 3851 799 3906 No.
815 3855 901 3920 roda·
921 3853 972 3906 Fr.
986 3852 1055 3920 lav,
1074 3852 1137 3920 III,
1157 3855 1181 3904 d.

173 4245 262 4322 360.
289 4255 363 4321 Das
386 4255 519 4319 Kloster
544 4255 653 4319 Three
676 4255 823 4336 ecrlcaoft
846 4255 915 4318 dem
939 4253 1160 4335 Fraalcfarder
1175 4255 1424 4356 Stadtschreilrm·
1443 4256 1595 4338 Gampcrt
1611 4253 1645 4320 F
1644 4259 1717 4322 otest
1739 4261 1828 4322 ebera
1891 4325 1892 4330 ,

292 4362 478 4441 Gruadac'as
509 4362 573 4442 actf
601 4361 670 4426 dem
694 4361 790 4426 Hans
819 4383 892 4426 cartu
918 4361 1040 4426 Grimle
1070 4365 1104 4426 ia
1133 4363 1189 4426 dcl·
1213 4361 1399 4446 Boraposse
1428 4385 1469 4427 aa
1493 4362 1686 4446 Fraahfort.
1741 4370 1827 4430 1329

293 4469 420 4554 Ampliat
442 4475 474 4534 2.

279 4611 346 4677 Nos
370 4631 463 4678 soror
478 4611 646 4678 Methildis
670 4611 843 4678 abbatissa
866 4615 1021 4692 totusque
1038 4617 1219 4678 conventus
1236 4619 1351 4678 sancte
1367 4612 1471 4678 Marie
1488 4612 1521 4679 in
1537 4614 1679 4695 Throno,
1704 4613 1828 4680 ordinis

174 4717 411 4800 Cisterciensis‚
436 4718 630 4802 Maguntine
662 4718 811 4784 diocesis.
859 4719 911 4784 Ad
942 4717 1168 4785 universorum
1200 4725 1267 4784 tam
1298 4719 1498 4801 presentium
1523 4739 1617 4802 quam
1642 4719 1827 4787 futurorum

173 4824 324 4890 notitiam
347 4825 493 4907 cupimus
522 4825 706 4908 pervenire,
731 4846 791 4891 nos
815 4825 1001 4892 vendidisse
1025 4825 1113 4891 iusto
1136 4825 1338 4892 vendicionis
1362 4825 1457 4892 titulo
1482 4827 1631 4893 redditus
1655 4834 1728 4894 octo
1753 4827 1829 4893 soli·

173 4934 287 4997 dorum
319 4932 525 4998 denariorum
558 4931 806 5014 Coloniensium,
844 4951 925 5012 quos
959 4932 1115 4998 habuisse
1148 4932 1398 4999 dinoscebamur
1431 4953 1529 5015 super
1562 4937 1655 5000 domo
1689 4941 1723 4998 et
1756 4941 1829 5000 tota

438 5129 462 5176 a)
479 5126 519 5170 Or.
534 5125 649 5179 „ornnlo“.
677 5125 702 5178 b)
718 5123 793 5168 seno
807 5125 834 5167 ta
848 5124 875 5168 B.

444 5293 579 5338 Vardanten
600 5293 644 5338 der
658 5295 838 5349 Ausserttpuap
856 5307 900 5338 von
915 5295 974 5338 1329
986 5294 1051 5338 ‹Iuni
1066 5295 1095 5338 26
1104 5295 1149 5348 (A)
1158 5309 1165 5338 .·
1186 5287 1214 5354 α)
1224 5293 1335 5338 Feraria
1345 5293 1380 5348 B,
1390 5295 1452 5337 steht
1462 5294 1569 5349 depecta
1578 5296 1606 5338 ia
1613 5296 1642 5340 A.
1655 5289 1682 5358 β)
1691 5297 1827 5350 ‚drauhsn-

385 5374 457 5418 iurt“.
505 5368 531 5438 γ)
550 5384 664 5428 ,meones
684 5375 761 5417 etism
783 5375 879 5418 civibus
900 5385 930 5418 sc
952 5375 1032 5429 opidis
1054 5375 1235 5428 bettenhusen,
1252 5375 1389 5429 Wepiisren
1410 5377 1436 5419 st
1456 5375 1615 5420 Fridbsreh“.
1661 5369 1684 5438 δ)
1707 5379 1828 5432 „ipsorum

384 5455 536 5498 coniuratis‘
550 5455 619 5511 fehlt.
655 5449 677 5516 s)
696 5456 929 5509 „conswstndines“.
970 5450 994 5518 ζ)
1016 5458 1075 5510 ,.at“.
1112 5449 1143 5521 η)
1165 5459 1325 5509 „tamquam‘t
1366 5450 1397 5518 d)
1419 5456 1632 5512 „(taiienhsusen,
1659 5457 1781 5512 Wapttarn
1804 5463 1830 5501 et

385 5535 538 5579 Fridberch“.
578 5528 596 5598 t)
622 5539 662 5590 „ct
675 5536 853 5590 presentibus“.
894 5531 919 5597 a)
946 5537 1012 5581 Stati
1026 5537 1229 5591 „approbscionis
1243 5529 1388 5591 paginam‘:
1401 5537 1547 5592 „grscism“.
1588 5530 1614 5599 h)
1636 5537 1746 5590 ‚,sliquo“
1759 5539 1828 5594 fehlt.

386 5609 414 5682 μ)
437 5618 583 5672 „contratra
605 5617 670 5660 sicut
689 5617 888 5670 indignacionem
911 5622 1022 5662 nostram
1044 5629 1144 5672 gravem
1165 5622 1190 5661 et
1211 5628 1298 5672 penam
1320 5623 1418 5662 cantum
1440 5619 1559 5662 librarum
1579 5619 1635 5662 suri
1649 5621 1711 5674 puri,
1725 5631 1828 5672 quarum

384 5697 503 5741 medietas
516 5697 574 5742 iisco
589 5701 682 5752 nostro,
697 5697 749 5742 sits
759 5708 817 5742 vcro
828 5699 947 5742 medietas
957 5701 1074 5743 iniuriam
1084 5700 1165 5753 passis
1175 5699 1319 5754 applicetur,
1333 5700 1441 5744 volucrit
1450 5699 1586 5743 studiosius
1596 5701 1711 5744 evitarat
1730 5693 1753 5762 ν)
1767 5709 1828 5754 „om-
1898 5693 1902 5700 '

386 5780 466 5822 ntum*
480 5780 550 5834 fehlt.
595 5771 618 5838 ξ)
638 5783 676 5832 „st
689 5779 844 5823 firmitatem‘
857 5780 926 5835 fehlt.
971 5776 995 5842 ο)
1024 5784 1062 5834 „st
1076 5781 1160 5833 sigilio
1175 5782 1315 5824 maiestatis
1329 5785 1436 5827 nostrat
1482 5775 1508 5843 π)
1531 5781 1634 5834 ,sextat
1679 5773 1703 5848 ρ)
1721 5781 1770 5823 Die
1787 5777 1829 5826 Ia·

386 5859 585 5915 dicitosssanpabe
597 5859 667 5914 fehlt.
699 5855 724 5924 c)
743 5860 797 5904 Das
810 5859 937 5916 Foipcnde
948 5861 1017 5918 fehlt.
