4414 6402
387 361 450 428 124
830 383 832 388 ·
1076 358 1146 416 1320
1164 357 1314 415 November
1332 357 1357 415 8.

494 557 692 628 innomine
723 557 855 639 domini,
888 577 991 628 amen.
1046 559 1119 642 Ego
1135 555 1337 624 Woliramus
1367 555 1459 624 miles
1489 559 1529 622 de
1550 555 1776 622 Sassenhusen
1808 563 1841 622 et
1864 557 2048 636 Lukerdis‚

385 663 569 748 conlliuges
599 662 746 747 legitimi,
773 671 886 731 tenore
917 664 1123 748 presencium
1155 664 1284 748 publice
1315 663 1506 747 profitemur
1536 669 1568 730 et
1600 666 1643 729 ad
1672 663 1899 730 universorum
1930 671 2003 731 tam
2022 665 2050 748 ΙΙ

385 770 590 852 presencium
620 790 716 851 quam
746 768 933 837 futurorum
963 771 1119 838 noticiam
1144 770 1332 840 deducimus
1355 770 1389 836 in
1412 769 1477 836 hiis
1501 769 1646 853 scriptis,
1672 773 1758 852 quod
1782 790 1842 836 nos
1865 770 2048 856 unallnimi

385 897 545 944 consensu
562 874 864 959 communicataque
881 897 980 945 manu
995 877 1124 945 nomine
1141 897 1221 960 pure
1238 876 1412 944 elemosine
1424 876 1458 942 in
1471 876 1648 944 remedium
1661 877 1842 944 animarum
1855 885 2049 944 nostrarum

385 1004 424 1049 ao
449 990 622 1068 parentum
646 991 833 1050 nostrorum
856 984 1038 1069 legavimus
1062 991 1095 1052 et
1118 984 1266 1069 legamus
1289 984 1323 1050 in
1347 983 1409 1050 biis
1434 983 1567 1066 scriptis
1583 983 1778 1066 simpliciter
1794 990 1931 1068 propter
1948 987 2048 1050 deum

386 1143 418 1154 ..
444 1089 567 1158 vicario
592 1089 734 1158 vicarie¹
760 1110 817 1172 per
841 1111 901 1158 nos
925 1098 959 1158 et
984 1143 1016 1156 ..
1043 1089 1166 1158 iratres
1189 1091 1252 1158 mei
1269 1089 1443 1158 Wolframi
1466 1090 1500 1156 in
1524 1090 1664 1158 ecclesia
1688 1090 1796 1158 sancti
1819 1091 2051 1158 Bartholomei

258 1285 261 1293 ι
385 1195 619 1264 Frankenford
642 1198 807 1280 institute,
833 1198 889 1280 qui
911 1219 970 1282 pro
996 1205 1141 1282 tempore
1165 1196 1276 1280 fuerit,
1302 1197 1369 1264 tria
1392 1197 1515 1264 octalia
1530 1197 1686 1282 siliginis3
1711 1196 1791 1264 item
1817 1249 1849 1262 ..
1875 1197 2051 1264 canonicis

386 1311 478 1369 et..
504 1303 638 1371 vicariis
669 1302 799 1388 prefate
830 1305 967 1373 ecclesie
998 1305 1106 1372 sancti
1129 1304 1353 1372 Bartholomei
1380 1303 1448 1372 tria
1470 1305 1593 1372 octaba
1616 1303 1755 1389 siliginis
1779 1323 1839 1386 pro
1863 1304 2051 1388 presenciis

387 1411 422 1476 in
447 1430 532 1495 pane
556 1411 718 1494 equaliter
742 1412 942 1494 dividendis;
968 1419 1003 1479 et
1020 1465 1026 1477 .
1043 1465 1049 1478 .
1066 1411 1203 1480 infirmis
1225 1411 1260 1478 iu
1283 1411 1440 1496 hospitali
1465 1411 1571 1478 sancti
1594 1411 1737 1495 Spiritus
1760 1412 1794 1478 in
1810 1409 2050 1478 Frankeniord

385 1537 444 1600 pro
476 1525 621 1616 tempore
652 1519 881 1604 egrotantibus
909 1539 966 1586 sex
992 1519 1173 1588 somerinos
1197 1517 1337 1604 siliginis
1361 1539 1512 1589 mensure
1535 1517 1860 1588 Frankeniordensis
1884 1523 1925 1585 de
1949 1517 2051 1584 bonis

292 1629 294 1632 ’
386 1625 509 1691 nostris
532 1625 566 1690 in
591 1625 739 1692 terminis
762 1626 842 1694 ville
865 1627 989 1711 Gysnit
1012 1625 1097 1710 sitis,
1122 1627 1391 1712 queWygendus
1415 1628 1523 1694 dictus
1540 1629 1611 1712 Gyr
1635 1633 1728 1694 tenet
1751 1632 1784 1694 et
1809 1626 1887 1694 colit
1909 1627 1947 1694 in
1972 1645 2050 1708 pre·

386 1731 481 1814 senti,
507 1731 602 1798 annis
633 1732 771 1817 singulis
801 1731 891 1800 iufra
921 1737 984 1800 duo
1012 1731 1102 1801 festa
1125 1733 1359 1817 assumptionis
1383 1741 1418 1801 et
1440 1733 1629 1802 nativitatis
1652 1736 1750 1801 beate
1773 1733 1879 1800 Marie
1902 1732 2051 1818 virginis

385 1837 620 1906 Fraukenlord
643 1840 678 1908 in
702 1859 828 1907 omnem
845 1847 997 1908 eventum
1014 1847 1174 1925 perpetuo
1191 1843 1415 1922 presentanda
1431 1847 1465 1908 et
1480 1840 1709 1924 persolvenda,
1729 1893 1735 1906 .
1752 1893 1759 1905 .
1777 1839 1883 1908 coloni
1897 1839 2050 1923 ipsorum

386 1948 552 2028 bonorum,
578 1947 633 2029 qui
657 1967 715 2031 pro
740 1953 887 2030 tempore
911 1945 1022 2031 luerit,
1047 1947 1216 2015 laboribus
1241 1953 1274 2014 et
1298 1947 1461 2031 expensis.
1508 1947 1549 2014 In
1566 1947 1788 2016 testimonium
1805 1955 1839 2015 et
1853 1947 2050 2014 firmitatem

386 2053 527 2120 omnium
558 2054 789 2136 premissorum
821 2053 962 2138 sigillum
991 2054 1055 2122 mei
1070 2053 1242 2122 Wollrami
1274 2055 1426 2138 predicti,
1451 2075 1514 2138 quo
1545 2057 1640 2124 ambo
1671 2055 1802 2138 utimur,
1835 2054 2051 2138 presentibus

389 2159 539 2226 duximus
564 2163 823 2244 appendendum.
871 2163 992 2228 Actum
1016 2181 1102 2230 anno
1126 2159 1247 2230 domini
1270 2163 1310 2230 rb.
1333 2159 1399 2232 cic.
1422 2161 1590 2248 vigesimo,
1609 2141 1665 2230 V⁰I.
1688 2162 1762 2230 idus
1785 2161 1985 2230 novembris.
2036 2169 2040 2176 '

604 2301 650 2357 Or.
665 2302 752 2373 Ppml.
790 2303 852 2357 Dos
871 2301 1013 2374 sepeliet
1031 2302 1192 2374 obpesullm.
1229 2302 1269 2358 St.
1282 2303 1317 2358 A„
1332 2303 1383 2358 Fr.
1397 2303 1496 2360 Bora
1509 2303 1549 2360 St.
1563 2304 1617 2360 No.
1631 2307 1709 2360 1636.

603 2391 702 2446 (ludar
720 2391 764 2460 B„
783 2393 836 2446 456
859 2393 930 2446 narb
948 2392 1092 2458 Abeeboist
1115 2393 1146 2448 iu
1164 2391 1477 2462 carru-susanam,
1496 2391 1572 2448 Seria
1589 2393 1610 2446 1
1626 2393 1680 2448 No.
1692 2395 1729 2448 25
1746 2393 1847 2459 fidoo.
1887 2393 1927 2448 st.
1943 2393 1980 2448 A.
1996 2392 2050 2448 Fr.

388 2678 479 2756 155.
504 2685 608 2754 aruer
623 2685 782 2770 Wolfrom
805 2708 864 2754 oon
879 2687 1143 2755 Socbsenbousea
1165 2687 1233 2754 uad
1247 2691 1331 2756 scine
1348 2687 1442 2754 Fron
1457 2689 1591 2755 Lubord
1607 2689 1875 2756 remordendam
1889 2685 2049 2755 Doutscb

505 2796 718 2862 ordeusbouse
746 2817 788 2860 eu
811 2796 1073 2862 Socbsenbouseu
1095 2795 1298 2862 Kornreniea
1327 2817 1386 2862 uon
1415 2797 1475 2862 den
1501 2797 1641 2882 pleiobon
1665 2795 1788 2862 Gtitern
1817 2819 1877 2861 aar
1901 2795 2048 2863 Pictore.

507 2908 594 2968 1320
617 2900 792 2968 November
815 2907 847 2966 8.·

494 3045 534 3112 In
566 3043 694 3112 nomine
725 3043 855 3126 domini,
887 3063 991 3112 amen.
1038 3043 1111 3130 Ego
1128 3043 1329 3114 Wollramus
1359 3045 1452 3114 miles
1484 3049 1524 3113 de
1551 3045 1778 3114 Sessenbusen
1808 3053 1843 3114 et
1865 3045 2048 3128 holiardis,

389 3155 544 3240 coniuges
567 3151 729 3236 legittimi‚
756 3158 869 3218 tenore
894 3151 1095 3235 presentium
1112 3153 1139 3236 ll
1156 3153 1284 3238 publice
1308 3154 1499 3242 profitemur
1522 3160 1556 3220 et
1580 3155 1623 3220 ad
1642 3153 1870 3222 universorum
1886 3160 1955 3220 tam
1973 3174 2049 3236 pre

389 3262 529 3330 sentium
554 3279 648 3342 quarn
674 3256 859 3325 futurorum
882 3259 1040 3328 noticiam
1066 3259 1254 3328 deducimus
1277 3259 1312 3327 in
1335 3259 1399 3326 hiis
1423 3259 1566 3343 scriptis,
1592 3263 1678 3342 quod
1701 3279 1762 3326 nos
1776 3259 1953 3344 uuanillmi
1970 3279 2050 3328 cou-

390 3388 488 3437 sensu
511 3365 814 3446 communicataque
837 3385 935 3431 manu
959 3385 1040 3447 pure
1064 3373 1200 3448 propter
1223 3369 1318 3433 deum
1343 3373 1375 3432 et
1399 3365 1433 3434 in
1457 3366 1633 3434 remedium
1657 3365 1840 3434 animarum
1855 3373 2048 3434 nostrerum

390 3497 430 3543 ao
461 3480 636 3558 parentum
660 3473 876 3558 noisstrorum
900 3472 1083 3556 legavimus
1106 3479 1141 3540 et
1163 3473 1312 3557 legamus
1333 3472 1368 3540 in
1391 3471 1454 3540 hiis
1479 3472 1612 3556 scriptis
1635 3472 1723 3540 iusto
1747 3471 1924 3556 legationis
1947 3473 2049 3540 titulo

389 3580 552 3666 religiosis
583 3579 663 3648 viris
690 3631 722 3644 ..
749 3578 1004 3645 commendatori
1033 3587 1067 3645 et
1097 3577 1259 3646 iratribus
1283 3582 1396 3648 domus
1420 3579 1645 3647 Tbeutbonice
1667 3579 1701 3647 in
1728 3579 1956 3664 Sassenhusen
1981 3580 2049 3648 tria

390 3687 513 3756 actalia
542 3685 681 3769 siliginis
705 3683 1030 3751 Frankenlordensis
1060 3689 1210 3753 mensure
1242 3687 1281 3752 de
1311 3686 1406 3752 bonis
1436 3685 1559 3754 nocuis
1588 3686 1623 3753 iu
1650 3686 1799 3754 terminis
1822 3686 2049 3782 ville-Gysnit

391 3795 475 3878 sitis,
501 3813 562 3876 que
578 3793 761 3877 Wigandus
792 3792 900 3858 dictus
923 3793 996 3876 Gyr
1024 3792 1059 3859 in
1089 3793 1237 3876 presenti
1265 3798 1359 3860 tenet
1388 3800 1422 3860 et
1453 3793 1540 3876 colit,
1565 3792 1664 3860 annis
1694 3791 1833 3878 singulis
1861 3791 1950 3858 inira
1982 3795 2047 3858 duo

391 3901 479 3969 festa
502 3899 737 3983 assumptionis
761 3907 794 3965 et
819 3898 1009 3966 nativitatis
1031 3900 1130 3966 beate
1145 3899 1251 3966 Maria
1275 3899 1413 3984 virginis
1429 3901 1666 3968 Frankeuvord
1689 3899 1724 3966 in
1747 3918 1874 3967 ornnem
1891 3905 2048 3966 eventurn

392 4015 549 4092 perpetuo
582 4004 805 4090 presentanda
834 4011 868 4070 et
898 4004 1125 4088 persolvenda,
1153 4057 1184 4071 ..
1211 4005 1317 4072 coloni
1346 4005 1490 4088 ipsorum
1519 4008 1688 4089 bonorum,
1721 4005 1777 4088 qui
1807 4025 1866 4088 pro
1897 4011 2047 4088 tempore

391 4115 501 4197 luerit,
526 4111 695 4181 laboribus
722 4118 757 4177 et
780 4111 942 4193 expensis.
998 4114 1067 4197 Que
1092 4112 1220 4194 quidem
1244 4113 1311 4179 tria
1334 4113 1456 4180 octalia
1479 4111 1577 4179 dictis
1601 4111 1763 4180 iratribus
1786 4115 1830 4179 ad
1853 4111 2047 4196 pytanciam

392 4225 507 4289 cedere
531 4221 705 4300 debebunt,
731 4225 769 4285 ut
791 4239 850 4301 per
873 4218 963 4301 ipsos
979 4218 1228 4287 anniversarius
1244 4219 1313 4286 dies
1330 4219 1439 4287 obitus
1455 4220 1562 4286 nostri
1576 4239 1666 4287 more
1682 4218 1778 4286 solito
1795 4217 1891 4286 annis
1906 4217 2047 4303 singulis

356 4372 363 4378 -
392 4335 550 4417 perpetuo
574 4331 763 4410 peragatur.
812 4326 851 4392 In
875 4325 1097 4391 testimonium
1121 4332 1155 4392 et
1177 4325 1365 4393 firmitatem
1390 4327 1621 4409 premissorum
1639 4325 1780 4410 sigillum
1796 4325 1859 4392 mei
1871 4323 2046 4391 wolframi

392 4433 540 4540 predicti,
565 4452 628 4514 quo
659 4435 754 4500 ambo
785 4431 918 4514 utimur,
944 4431 1152 4515 presentibus
1183 4440 1235 4497 est
1264 4452 1454 4516 appensum.
1501 4434 1621 4499 Actum
1652 4451 1737 4498 auno
1769 4430 1890 4498 domini
1912 4432 1953 4497 rb.
1978 4426 2043 4496 ede.

392 4541 480 4620 XX„
505 4520 562 4606 V⁰I.
583 4540 657 4606 idus
680 4538 875 4642 novembris.

609 4681 654 4736 Or.
668 4682 756 4753 Ppmt.
794 4681 857 4736 Das
875 4681 1051 4753 obbonpeude
1063 4683 1150 4753 Siepel
1167 4683 1204 4738 ist
1222 4683 1298 4738 etcrlr
1312 4681 1473 4751 beecbddt'pt,
1492 4681 1559 4736 doclt
1571 4683 1608 4736 iet
1620 4681 1671 4736 dae
1683 4679 1811 4752 Woppeu
1822 4686 1872 4752 put
1884 4679 2045 4734 erkmubm.

659 4771 953 4826 Benerkeneuertlrist
966 4771 1024 4826 eice
1036 4772 1085 4826 dor
1098 4777 1225 4840 eputeren
1235 4771 1513 4838 Rdckoasecbriften:
1526 4768 1669 4840 „Pertinet
1682 4769 1717 4823 ad
1730 4769 1853 4823 dominos
1862 4767 2046 4823 ubmmniooe

659 4865 688 4914 et
706 4864 834 4914 servatur
852 4860 881 4912 in
899 4859 1003 4928 littero,
1022 4865 1055 4914 ut
1073 4861 1186 4928 scietur,
1206 4859 1276 4928 quod
1294 4875 1349 4914 non
1367 4861 1425 4914 siut
1443 4859 1547 4927 priores
1565 4855 1644 4913 nobis
1662 4857 1691 4912 in
1703 4857 1860 4926 pensione.“
1897 4857 1980 4912 ste
1991 4856 2045 4912 Fr.

660 4949 758 5004 Barth.
772 4947 810 5004 st.
825 4948 879 5004 No.
895 4951 972 5004 1637.

395 5237 485 5316 lbb.
510 5244 584 5311 Das
606 5245 651 5312 st.
673 5245 1012 5328 Bartholomuccsstift
1033 5247 1115 5332 piebt
1137 5249 1245 5312 scimea
1265 5245 1347 5328 Hos,
1371 5249 1439 5312 seio
1455 5245 1551 5311 Heus
1573 5241 1735 5328 („curiam
1755 5248 1790 5310 et
1809 5241 2046 5328 mansorem)

510 5353 577 5421 und
600 5354 715 5418 andere
733 5353 833 5418 auter
855 5353 989 5437 („uoa1u
1013 5352 1157 5422 elderam
1181 5351 1302 5418 dictam
1317 5353 1499 5436 hobegarte
1515 5368 1615 5433 super
1629 5347 1755 5417 fonmm
1770 5349 1892 5424 dictum
1908 5349 2045 5416 Hemer-

513 5477 584 5542 syo,
610 5478 709 5527 unam
732 5458 862 5536 uncam
885 5459 1044 5528 incultam
1067 5458 1189 5533 dictam
1204 5457 1358 5536 Hirruzh
1378 5465 1412 5524 et
1426 5476 1524 5528 unam
1541 5455 1738 5540 perticulam
1754 5455 1877 5529 dictum
1892 5454 2045 5540 Snegel“)

511 5569 546 5630 iu
568 5565 695 5650 Berpeu
719 5588 762 5632 aa
784 5567 835 5631 die
857 5567 988 5632 Breider
1011 5565 1167 5632 Heinrich
1189 5565 1314 5631 Husere
1336 5567 1403 5630 und
1421 5565 1576 5630 Giseibeod
1599 5585 1659 5630 von
1673 5564 1802 5649 Bergan
1824 5567 1858 5630 in
1873 5563 2044 5646 Erbpacbi.

450 5761 458 5791 ¹
478 5761 558 5814 Nara
577 5761 806 5826 Rdeluusecbrist
832 5761 880 5814 der
902 5759 1047 5814 Urlouude:
1078 5757 1194 5825 „Thome

394 5847 537 5918 apostoli.“
