4416 6414
400 331 445 395 20
1105 327 1311 383 1a1coemoer
1329 329 1354 382 a.

508 527 628 592 Petrus
653 525 705 592 dei
728 525 842 610 gracia
865 533 980 594 sancte
1003 527 1197 612 Maguntiue
1220 528 1307 594 sedis
1331 526 1607 609 archiepiscopus,
1633 527 1722 594 sacri
1745 526 1874 610 imperii
1898 547 1957 609 per
1973 527 2056 593 Ger-

399 633 544 700 maniam
567 632 888 716 archicancellarius,
914 633 1087 715 universis,
1113 637 1155 700 ad
1180 653 1316 716 quorum
1339 634 1494 702 noticiam
1518 640 1690 715 presentes
1712 633 1816 702 littere
1833 633 2055 717 pervenerint,

398 740 548 808 volumus
571 759 644 807 esse
668 747 790 822 notum,
816 743 901 823 quod
924 741 960 806 in
983 747 1098 808 nostra
1121 742 1294 824 presencia
1316 741 1490 809 constituti
1512 741 1672 826 magister
1695 741 1905 807 Reinhardus
1929 749 2055 820 cantor,

398 849 518 914 Petrus
542 853 658 916 custos
678 855 711 914 et
735 847 896 932 magister
919 849 1128 916 Hermannus
1150 850 1191 916 de
1215 851 1340 933 Gycen,
1367 848 1518 916 canonici
1541 849 1679 915 ecclesie
1704 849 2056 916 Franckmocrdemia.

399 960 632 1038 procuratores
656 955 772 1022 decani
796 962 830 1022 ct
853 955 991 1039 capituli
1013 955 1157 1024 eiusdem
1181 956 1318 1023 ecclesie
1334 976 1375 1023 ex
1391 975 1466 1038 una,
1493 965 1525 1022 et
1542 956 1701 1041 magister
1719 954 1870 1036 Siiridus
1897 956 2057 1040 plebanus

398 1061 529 1144 ibidem,
562 1082 602 1128 ex
631 1069 728 1144 parte
759 1063 875 1144 altera,
900 1063 935 1129 in
965 1063 1074 1130 causis
1106 1083 1164 1130 seu
1195 1063 1430 1146 questionibus,
1455 1083 1518 1145 que
1548 1063 1635 1130 inter
1666 1070 1779 1145 partes
1802 1067 1934 1131 easdem
1959 1081 2058 1146 super

399 1168 635 1236 observacione
670 1169 840 1236 cuiusdam
875 1169 1096 1238 ordinacionis
1131 1173 1250 1237 dudum
1279 1171 1368 1237 inter
1398 1169 1557 1238 decanum
1587 1177 1621 1236 et
1651 1169 1830 1252 capitulum
1861 1173 1992 1236 eosdem
2024 1179 2058 1236 et

399 1280 562 1357 quondam
586 1277 774 1358 Erpertum,
803 1278 979 1358 plebanum
1003 1279 1368 1359 Franckearordmsem,
1401 1277 1485 1345 inita
1515 1283 1548 1343 et
1578 1276 1702 1358 habita,
1736 1295 1861 1344 necnon
1891 1277 2058 1344 universis

399 1382 525 1450 iuribus
549 1390 583 1450 et
607 1383 899 1450 consuetudinibus
922 1386 964 1450 ab
987 1383 1069 1467 ipsis
1094 1384 1245 1465 partibus
1268 1384 1334 1450 sibi
1356 1383 1496 1450 invicem
1519 1383 1736 1451 observandis
1759 1389 1794 1450 et
1817 1383 2056 1464 questionibus

400 1510 482 1573 quas
505 1489 590 1556 idem
615 1489 774 1572 plebanus
798 1490 896 1558 sociis
920 1490 990 1558 sive
1013 1491 1148 1558 vicariis
1171 1491 1258 1558 dicte
1282 1490 1419 1558 ecclesie
1443 1499 1553 1558 movet
1577 1509 1635 1556 seu
1658 1509 1789 1558 movere
1805 1489 1958 1570 intendit,
1984 1510 2058 1572 pre-

399 1594 462 1664 lati
492 1597 544 1680 R,
575 1597 623 1678 P,
656 1603 690 1663 et
718 1597 760 1662 H.
790 1600 832 1664 ad
863 1603 1011 1664 nostram
1041 1597 1306 1664 exhortacionem
1338 1605 1372 1664 et
1401 1597 1623 1664 inductionem
1654 1596 1689 1663 in
1719 1597 1830 1664 causis
1857 1597 2055 1679 prescriptis

399 1703 549 1770 omnihus
573 1709 607 1770 et
630 1703 768 1787 singulis
792 1709 826 1770 et
850 1723 961 1770 earum
986 1704 1180 1770 accessoriis
1204 1705 1320 1771 decani
1345 1725 1384 1770 ac
1408 1703 1545 1786 capituli
1561 1723 1601 1770 ac
1617 1703 1816 1772 vicariorum
1832 1703 2057 1786 predictorum

399 1811 528 1878 nornine
559 1810 737 1876 discretum
766 1809 872 1876 virum
904 1817 1072 1878 cantorem
1102 1811 1239 1878 ecclesie
1269 1819 1384 1878 sancte
1414 1811 1520 1878 hierio
1551 1813 1592 1878 ad
1622 1813 1756 1878 Gradus
1780 1810 1974 1894 Magantine
1997 1829 2057 1892 pro

399 1938 444 1992 se,
470 1915 622 1998 prefatus
652 1935 731 1984 vero
763 1916 922 1999 plebanus
948 1918 1142 2001 magistrum
1166 1919 1390 1984 Hermaunum
1413 1921 1454 1984 de
1477 1919 1712 2002 Eschenwege,
1738 1917 1932 1984 canonicum
1956 1917 2058 1983 Nort-

399 2027 578 2104 husensem,
603 2042 662 2104 pro
687 2021 823 2089 arbitris
847 2031 881 2090 et
904 2023 1161 2091 arbitratoribns
1185 2044 1243 2092 seu
1260 2024 1486 2092 amicabilibus
1503 2023 1776 2106 compositoribus
1792 2043 1851 2106 pro
1868 2023 2058 2089 decidendis

399 2130 497 2197 dictis
521 2129 748 2212 questionibus
772 2130 958 2197 voluntarie
981 2130 1163 2215 elegerunt,
1189 2151 1248 2196 nos
1272 2139 1383 2198 autem
1406 2151 1446 2198 ex
1470 2131 1575 2198 officio
1599 2138 1713 2198 nostro
1738 2129 1947 2198 scolasticum
1969 2129 2056 2196 dicte

399 2236 535 2304 ecclesie
566 2243 681 2304 sancte
704 2237 809 2303 Mario
839 2236 939 2303 dictis
968 2237 1104 2304 arbitris
1128 2237 1279 2304 duximus
1303 2237 1557 2322 adiungendum,
1582 2257 1645 2319 que
1668 2237 1799 2320 quidem
1821 2245 1891 2304 tres
1915 2257 2058 2320 persone

399 2342 630 2425 compromisso
654 2343 840 2410 huiusmodi
864 2345 905 2410 ad
929 2344 1195 2410 exhortacionem
1219 2351 1367 2411 nostram
1382 2343 1416 2410 in
1432 2364 1467 2411 se
1483 2351 1628 2426 recepto,
1652 2345 1716 2411 lide
1732 2343 1876 2426 prestita
1891 2343 2058 2426 corporali

400 2449 621 2532 promiserunt
644 2449 829 2516 huiusmodi
851 2449 1040 2531 questiones
1064 2450 1103 2517 de
1127 2451 1212 2520 scitu
1236 2450 1384 2534 parcium
1407 2451 1442 2516 in
1466 2450 1624 2532 amicicia,
1642 2451 1695 2520 vel
1716 2450 1745 2516 si
1762 2469 1819 2518 eos
1836 2449 2059 2517 amicabihter

399 2559 599 2624 concordare
629 2555 847 2638 nequiverint,
880 2577 939 2640 per
969 2555 1056 2626 viam
1085 2557 1177 2638 iuris,
1207 2557 1280 2624 visa
1310 2563 1344 2624 et
1372 2557 1524 2639 inspecta
1554 2557 1765 2624 ordinacione
1796 2555 1985 2640 prescripta
2018 2575 2057 2622 ac

398 2663 670 2745 probacionibus,
702 2663 829 2730 iuribus
860 2683 900 2730 ac
929 2661 1221 2732 informacionibus
1252 2664 1398 2748 parcium
1429 2667 1605 2732 earumdem
1637 2664 1895 2747 quibuscunque,
1927 2683 2056 2730 necnon

398 2769 624 2838 instrumentis
655 2789 755 2853 snper
784 2771 845 2836 hoc
873 2769 1066 2837 exhibendis
1094 2769 1269 2838 summarie
1293 2777 1326 2837 et
1349 2773 1389 2836 de
1413 2771 1521 2854 plano,
1545 2771 1627 2836 iuris
1651 2769 1765 2837 ordine
1788 2771 1977 2852 observato,
2003 2770 2057 2836 vel

398 2896 463 2942 non
496 2882 640 2958 servato,
676 2875 763 2943 omni
794 2874 921 2959 favore,
955 2877 1068 2962 gracia
1099 2879 1153 2945 vel
1185 2877 1258 2944 odio
1292 2885 1453 2960 cessante,
1478 2896 1581 2958 usque
1614 2881 1657 2945 ad
1690 2877 1773 2944 mem
1807 2876 1898 2943 beati
1922 2879 2056 2942 Andree

398 2982 580 3064 proximum
613 2982 759 3050 finaliter
794 2983 986 3066 terminare;
1019 2983 1240 3066 promiserunt
1275 2983 1378 3050 eciam
1410 2991 1524 3066 partes
1555 2983 1738 3067 prescripta
1769 2983 1937 3060 hincinde,
1970 2985 2056 3064 quod

398 3088 555 3170 quidquid
579 3109 638 3171 per
661 3088 768 3155 dictos
791 3089 946 3172 arbitros,
973 3109 1030 3157 seu
1055 3109 1114 3172 per
1136 3093 1218 3156 duos
1239 3110 1360 3174 eorum,
1377 3090 1411 3158 in
1428 3090 1654 3173 questionibus
1671 3110 1729 3157 seu
1745 3089 1854 3156 causis
1869 3089 2056 3172 prenotatis

398 3195 584 3262 ordinatum
617 3195 717 3262 inerit
750 3215 808 3262 seu
841 3195 1109 3278 pronunciatum,
1143 3195 1379 3264 inviolabiliter
1412 3199 1606 3278 ohservare3
1640 3197 1820 3281 eligentes,
1856 3199 1942 3278 quod
1977 3216 2065 3288 pars
2192 3217 2194 3228 ι

399 3309 515 3369 contra
545 3301 853 3385 pronunciacionem
883 3302 1045 3370 dictorum
1075 3303 1275 3370 arbitrorum
1305 3325 1363 3372 seu
1392 3308 1529 3371 duorum
1560 3324 1601 3371 ex
1630 3304 1712 3386 ipsis
1740 3301 1876 3372 veniens
1899 3303 1934 3368 in
1958 3310 2055 3384 parte

398 3410 452 3478 vel
480 3409 513 3476 in
545 3415 616 3475 toto
647 3409 736 3492 parti
766 3409 958 3477 observanti
988 3411 1296 3492 pronunciacionem
1326 3414 1463 3478 eandem
1487 3414 1529 3478 ad
1553 3412 1743 3478 solvendum
1768 3417 1900 3476 centurn
1923 3429 2056 3476 marcas

398 3515 530 3600 argenti
560 3534 644 3599 pene
673 3515 803 3583 nomine
834 3523 989 3583 teneatur
1019 3524 1053 3584 et
1082 3516 1171 3584 inira
1194 3524 1336 3598 quatuor
1359 3536 1488 3584 menses
1511 3537 1532 3584 a
1556 3517 1607 3583 die
1632 3515 1918 3600 pronunciacionis
1942 3516 2055 3582 huius·

398 3622 485 3690 modi
508 3625 550 3689 ad
574 3621 773 3689 solucionem
796 3621 1020 3704 predictarum
1036 3631 1166 3690 centum
1182 3643 1366 3691 marcarum
1384 3624 1517 3708 argenti
1531 3644 1590 3708 per
1605 3642 1778 3690 censuram
1794 3622 2056 3690 ecclesiasticam

398 3729 622 3811 compellatur.
671 3727 874 3796 Iniunxirnus
904 3729 1039 3812 insuper
1069 3736 1103 3796 et
1131 3733 1324 3797 mandamus
1355 3731 1506 3814 partibus
1536 3729 1729 3814 sepedictis,
1761 3733 1847 3812 quod
1877 3748 1981 3810 usqne
2012 3731 2055 3794 ad

398 3835 565 3918 prefatum
595 3835 678 3902 diem
707 3835 799 3906 beati
821 3838 954 3903 Andree
981 3835 1033 3902 vel
1064 3836 1260 3904 decisionem
1288 3837 1391 3920 ipsius
1414 3837 1543 3921 negocii
1564 3835 1671 3903 medio
1695 3843 1842 3917 tempore
1866 3833 2056 3902 faciendam

397 3941 640 4009 ordinacionem
669 3941 779 4024 ipsam
805 3941 969 4024 hincinde,
1002 3949 1099 4026 prout
1128 3942 1232 4024 iacet,
1264 3945 1407 4011 debeant
1436 3943 1575 4010 firmiter
1604 3945 1792 4010 observare.
1847 3943 1911 4008 Per
1942 3943 2055 4008 obser·

397 4048 566 4116 vacionem
590 4055 698 4115 autem
723 4049 861 4114 eandem
884 4048 994 4116 neutri
1017 4048 1164 4132 parcium
1188 4049 1338 4116 nolumus
1362 4069 1481 4117 novum
1504 4049 1556 4116 ius
1579 4049 1632 4116 vel
1655 4049 1786 4130 aliquod
1803 4047 1892 4116 aliud
1910 4047 2055 4131 preiudi·

397 4155 481 4224 cium
504 4155 667 4239 generari,
693 4159 750 4221 sed
774 4155 919 4237 quelibet
942 4155 1089 4239 parcium
1114 4157 1155 4222 ad
1180 4175 1273 4222 omne
1295 4157 1357 4239 ius,
1382 4158 1468 4239 quod
1492 4163 1570 4222 ante
1586 4155 1770 4222 huiusmodi
1785 4153 2054 4237 compromissum

397 4263 528 4344 habeat,
554 4262 583 4328 si
603 4260 694 4328 inira
717 4261 935 4345 prescriptum
960 4269 1088 4344 tempus
1113 4261 1331 4330 amicabiliter
1355 4265 1588 4328 concordatum
1612 4281 1676 4328 non
1701 4259 1802 4328 inerit
1824 4280 1883 4327 seu
1907 4261 2055 4328 arbitra·

397 4375 505 4434 torum
533 4369 680 4451 ipsorum
705 4369 875 4436 sentencia
899 4368 1120 4452 terminatum,
1145 4369 1248 4435 libere
1272 4377 1471 4438 revertatur.
1521 4371 1639 4435 Actum
1664 4387 1749 4434 anno
1773 4367 1897 4434 domini
1920 4387 1960 4434 ιιι.
1984 4387 2052 4434 εεε.

397 4475 482 4558 XV,
509 4475 588 4542 XII.
610 4475 770 4542 kalendas
794 4475 948 4542 octobris.

611 4644 750 4710 Abaclm'sl
769 4645 799 4698 im
817 4645 1131 4713 Bartb.-Sls'st·lecher,
1150 4645 1226 4700 δαῖε
1244 4645 1263 4697 Ι
1281 4645 1334 4700 No.
1346 4643 1410 4712 22⁶,
1429 4645 1528 4710 s.73b.
1566 4644 1604 4699 m.
1619 4644 1653 4698 A.
1670 4643 1721 4698 Fr.

397 5044 461 5120 31.
486 5048 555 5115 Der
585 5049 788 5127 squalidam,
820 5048 871 5112 dic
900 5047 1056 5129 Srhdffem,
1086 5048 1137 5112 die
1166 5048 1391 5113 lintiniacum
1420 5047 1486 5110 aad
1517 5047 1567 5110 die
1599 5045 1846 5111 Gesclvrcoreuem
1874 5045 1931 5109 der
1960 5045 2053 5110 aaut

486 5157 671 5239 Franlfmr
693 5155 905 5234 carbonum,
929 5155 1007 5220 (loss
1030 5156 1082 5220 die
1098 5153 1242 5238 Bephinc
1257 5153 1351 5220 Jmm
1367 5154 1540 5219 Maiboden
1556 5175 1615 5218 ooo
1632 5153 1757 5218 Armold
1772 5153 1904 5218 Scherer
1918 5157 1943 5218 2
1957 5151 2053 5218 Mnrlr

486 5269 599 5351 einiger
625 5264 719 5330 Germ
749 5263 813 5345 auf
839 5263 950 5327 desem
981 5267 1013 5328 im
1045 5263 1102 5327 der
1125 5259 1313 5344 Fchrpcsse
1339 5261 1513 5346 pclcqemem
1538 5259 1650 5324 Horrea
1672 5257 1805 5344 pehcmft
1828 5259 1915 5324 habe.
1964 5264 2051 5324 1315

488 5374 617 5442 october
640 5378 671 5436 2,

503 5543 570 5608 Nos
596 5595 601 5606 .
631 5594 636 5606 .
662 5541 833 5619 scultetus
860 5591 866 5604 .
894 5591 899 5602 .
926 5537 1061 5622 scabini,
1089 5591 1124 5604 ..
1158 5539 1307 5603 consules
1332 5543 1363 5602 et
1390 5589 1422 5602 ..
1447 5535 1549 5602 iurati
1572 5537 1911 5602 Frankenvordenses
1935 5540 2052 5599 tenore

397 5645 646 5736 [presencium]·
669 5646 796 5730 publice
820 5646 1084 5730 recognoscimus
1108 5652 1142 5710 et
1166 5644 1191 5718 ll
1210 5648 1251 5710 ad
1272 5645 1500 5712 universorum
1521 5643 1676 5708 noticiam
1697 5641 1844 5724 cupimus
1864 5639 2051 5722 pervenire,

662 5839 895 5898 alfebuimOra
