4428 6406
389 384 453 451 254
930 383 999 436 1329
1018 381 1124 438 Januar
1143 383 1177 436 21
1198 413 1231 424 -
1251 381 1320 436 1329
1339 379 1461 437 Febrnar
1480 383 1504 435 8.

390 579 449 648 vo'r
472 599 534 646 uns
559 582 699 645 stunden
724 577 823 646 Peter
842 576 986 646 Mathies
1010 599 1071 646 sun
1094 583 1161 646 und
1178 579 1314 660 Gudclc,
1338 575 1395 644 'sin‘
1414 579 1516 644 eliche
1540 578 1746 660 husvrontve,
1772 579 1863 646 unsir
1886 581 2041 664 burgern‚

388 690 454 754 und
486 687 642 752 irkaoten
674 686 754 767 sich,
780 688 841 752 daz
873 687 919 753 sie
943 687 1001 752 mit
1025 691 1197 753 samender
1222 689 1308 752 hand
1333 685 1586 764 einmudecliche
1610 687 1724 752 hetten
1748 686 1906 754 vorlrouit
1930 689 2042 754 virzen

389 795 540 876 schilling
565 792 720 860 Colscher
750 794 892 876 pennige
923 795 1027 878 geldis
1057 794 1210 860 ierlicher
1240 794 1337 876 gulde
1367 791 1405 859 ui
1435 797 1507 858 dem
1537 795 1632 875 luiso,
1666 795 1708 860 da
1739 801 1911 862 etwennen
1943 795 2042 860 Peter

390 899 525 970 Scheicr
555 900 589 966 in
620 907 740 982 wantc,
773 901 807 966 in
839 903 1112 984 (truchengaszcn
1143 902 1321 967 Albrechte
1351 899 1388 965 ui
1412 903 1470 966 der
1492 901 1659 966 Hobestat
1688 920 1742 966 um
1773 901 2044 984 einundzwenzig

389 1029 484 1092 marg
513 1008 653 1092 pennige
680 1008 799 1092 gengir
822 1011 887 1074 und
911 1008 1014 1092 gebir,
1039 1011 1105 1073 und
1130 1008 1220 1075 vellit
1246 1011 1304 1074 der
1327 1008 1397 1074 rins
1421 1007 1556 1074 ierliche
1579 1006 1617 1072 ul
1640 1015 1735 1074 sante
1760 1009 1902 1075 Martius
1925 1014 1987 1092 tag
2009 1009 2042 1074 in

390 1120 462 1182 dem
485 1121 647 1199 wyntern.
696 1115 788 1180 (luch
820 1115 952 1181 irkante
981 1115 1050 1180 sich
1070 1119 1132 1181 der
1156 1123 1360 1198 vorgenante
1386 1114 1483 1180 Peter
1506 1117 1572 1180 und
1598 1116 1734 1197 (ludele,
1760 1116 1810 1182 sin
1835 1117 2042 1194 husvrouwe

380 1227 451 1290 daz
483 1223 530 1290 sie
560 1226 618 1288 des
643 1222 862 1306 vorgenantin
887 1222 991 1306 geldis
1015 1222 1200 1305 gentzliche
1224 1225 1290 1288 und
1314 1222 1458 1306 gutliche
1482 1221 1585 1288 werin
1610 1229 1745 1305 gewert.
1794 1223 1887 1288 Ouch
1910 1222 2043 1288 irkantc

390 1331 460 1397 sich
484 1333 543 1396 der
567 1337 771 1414 vorgenante
788 1330 976 1410 Albrechte,
1002 1330 1063 1395 daz
1087 1330 1127 1395 he
1151 1329 1202 1395 die
1225 1329 1427 1395 nemelichen
1451 1329 1564 1396 virzen
1587 1329 1739 1412 schilling
1763 1329 1915 1395 Colnisch
1939 1329 2044 1414 geldis

389 1439 480 1503 hette
503 1436 619 1520 gesatz
644 1456 704 1504 vor
728 1437 797 1502 sine
822 1437 888 1501 sele
912 1436 945 1502 in
970 1438 1033 1502 den
1057 1437 1186 1518 Sychen
1210 1435 1311 1516 spital
1335 1455 1374 1502 zu
1399 1435 1623 1502 Frankinlord
1648 1455 1688 1502 zu
1712 1439 1835 1502 andere
1858 1437 1968 1520 gulde,
1993 1437 2044 1502 die

390 1564 426 1610 er
449 1543 544 1610 darin
563 1550 678 1628 gesatz
694 1545 796 1608 hetta.
833 1541 882 1608 Zp
899 1545 1049 1609 urkunde
1066 1544 1153 1609 dirre
1170 1543 1376 1610 vorschribin
1393 1543 1500 1627 dinge,
1526 1563 1561 1608 so
1579 1544 1644 1608 han
1661 1543 1722 1608 wir
1738 1547 1797 1609 der
1813 1543 2042 1622 scholtheizse,

391 1652 442 1716 die
473 1651 615 1717 schelien
646 1654 710 1716 und
743 1653 802 1716 der
824 1657 879 1716 rat
902 1649 954 1715 die
978 1659 1205 1734 vorgenanten
1229 1668 1328 1716 unser
1352 1653 1444 1716 stede
1468 1670 1546 1733 groz
1570 1650 1732 1734 ingesigel
1755 1671 1798 1716 an
1821 1651 1936 1716 diesen
1959 1649 2045 1716 brief

391 1758 577 1842 gehenckit.
626 1759 694 1823 Der
716 1757 762 1823 ist
785 1757 935 1840 gegetum
961 1760 1003 1823 da
1027 1777 1102 1823 man
1126 1757 1213 1823 zalte
1237 1759 1322 1823 nach
1347 1757 1487 1823 Christis
1511 1760 1631 1840 geburt
1655 1757 1913 1824 druzenhundirt
1936 1757 1989 1823 iar
2011 1758 2044 1824 in

390 1865 462 1930 dem
488 1863 869 1948 achtundzwenzigisten
882 1865 971 1930 iare.

604 2007 746 2072 Absclrm'st
766 2007 905 2060 Richards
923 2007 953 2059 iu
972 2007 1060 2060 scirrcr
1081 2006 1415 2076 Geschlechterpcschichtc,
1439 2005 1486 2073 „de
1506 2007 1603 2061 Area“.
1642 2007 1755 2077 Beilopc
1773 2007 1806 2060 A.
1845 2006 2000 2061 31111.

391 2403 482 2500 340.
509 2410 571 2475 Da
594 2411 774 2495 peistlichca
797 2410 927 2475 Richter
949 2411 1005 2475 der
1021 2410 1313 2494 Aschcffcrabrtrper
1328 2409 1448 2474 Kirchc
1472 2410 1681 2489 bellaturum,
1706 2411 1783 2475 dass
1806 2411 1862 2475 der
1879 2409 2044 2493 Presbyter

509 2518 674 2582 ‘roborares
697 2517 845 2600 Wploadc'
875 2518 941 2581 mat
970 2518 1081 2582 deseca
1110 2518 1216 2602 Mopd
1238 2514 1389 2602 (famula)
1421 2517 1561 2582 Gertrmd
1591 2519 1655 2599 auf
1681 2518 1743 2582 otte
1766 2517 1956 2600 Arrsprr'iche
1985 2519 2047 2598 aa)

508 2625 568 2689 dus
584 2626 680 2690 achera
696 2626 765 2689 dem
781 2625 894 2689 Haase
909 2625 965 2689 der·
980 2624 1199 2705 Frorrlcfurtcr
1213 2623 1409 2690 Kormetitcr
1423 2626 1565 2709 petopcnc
1581 2624 1677 2690 Horta
1694 2625 1744 2706 (im
1760 2625 2044 2708 Aschoffcnbmp),

508 2733 568 2797 dus
594 2733 685 2796 ihren
705 2754 763 2797 ooo
779 2733 885 2796 (liesca
900 2733 963 2814 aar)
976 2733 1044 2797 ihre
1060 2730 1241 2796 chcnsacit
1256 2733 1444 2815 {theotrapca
1461 2754 1538 2810 acar,
1563 2753 1604 2796 ru
1622 2731 1766 2796 Grutsteu
1781 2733 1837 2796 der·
1852 2731 2045 2798 Kormcliter

513 2839 674 2904 rcrzichtet
696 2839 806 2904 trohen.
855 2841 942 2902 1329
965 2838 1098 2904 Joacrar
1121 2844 1174 2903 21.
1223 2837 1269 2922 (in
1294 2836 1345 2902 die
1369 2839 1399 2901 b.
1420 2836 1561 2922 Agnetis
1585 2837 1722 2922 uirginis
1746 2843 1779 2904 et
1803 2838 1959 2919 martiris
1985 2859 2044 2919 que

510 2943 573 3010 luit
596 2925 674 3011 X‘ll.
697 2945 858 3011 kalendas
882 2943 1088 3028 februarii.)¹

608 3087 652 3141 Or.
668 3087 755 3156 Ppmt.
776 3087 823 3140 mit
837 3087 1043 3156 arrlrdnpeadem
1058 3085 1207 3156 Siepclrest.
1246 3087 1311 3152 Aac)
1324 3087 1372 3140 der
1385 3086 1527 3140 Ilticlscr'tc
1542 3088 1905 3142 roaHmrdc-onco.1390:
1926 3088 2044 3154 ¹,Littera

659 3177 691 3230 de
718 3191 782 3228 area
809 3191 892 3242 prope
918 3187 1038 3228 castrum
1056 3176 1084 3228 in
1106 3175 1338 3244 nsehaffinburg“.
1376 3176 1529 3231 81111.
1567 3177 1898 3232 Kormeliter-Urluudru
1919 3178 2043 3230 Nouae.

392 3571 483 3646 341.
510 3578 583 3644 Dos
606 3580 652 3644 St.
670 3579 1008 3660 Bartholomocusstist
1030 3601 1071 3644 au
1094 3578 1279 3660 Fromlcfmt
1301 3583 1413 3644 nirnmt
1435 3582 1495 3646 dea
1516 3581 1676 3666 Magister
1703 3581 1806 3646 tttuer
1829 3579 1963 3660 mosea,
1986 3583 2041 3646 dea

509 3685 639 3751 Kortor
662 3707 705 3752 aa
720 3688 765 3752 St.
780 3685 1055 3767 Bartholomocrm,
1082 3708 1185 3771 coepero
1200 3690 1302 3751 seiacr
1317 3688 1493 3753 atttrlich-ea
1509 3689 1801 3752 liechtslccmctrrissc
1816 3689 1883 3752 amd
1898 3689 2042 3770 63114933-

510 3795 633 3858 reichem
660 3793 906 3878 Vcrbr'rzdrmpca
939 3817 1013 3858 aaran
1043 3793 1399 3876 Kopitrdorlconoota'hus
1431 3795 1501 3877 crof,
1535 3795 1613 3860 doch
1646 3795 1723 3858 odae
1746 3793 1957 3877 Korascqrtcnr
1988 3797 2044 3877 fiir

509 3902 653 3986 ditastipe
676 3899 710 3964 F
710 3901 779 3966 rute.
827 3900 1020 3982 Fremitum,
1046 3907 1132 3966 1329
1156 3901 1306 3967 Febrem·
1329 3912 1358 3966 3.

501 4094 508 4107 .
528 4047 548 4108 .“
561 4044 715 4109 Decanus
740 4048 909 4124 totumque
935 4095 941 4108 .
961 4095 967 4108 .
993 4043 1171 4126 capitulum
1187 4043 1323 4110 ecclesie
1340 4043 1448 4110 sancti
1464 4043 1687 4110 Bartholomei
1702 4044 2043 4111 Frankenvordeusis.

396 4150 580 4230 UniversiS,
607 4153 649 4215 ad
674 4169 754 4230 quos
771 4155 942 4232 presentes
958 4150 1062 4216 littere
1079 4150 1301 4233 pervenerint,
1327 4151 1465 4217 salutem
1481 4151 1515 4216 in
1532 4149 1669 4217 domino.
1697 4151 1722 4235 l)
1747 4151 1925 4233 Noveritis
1951 4157 2045 4233 quod,

396 4276 468 4322 cum
493 4259 534 4322 ad
559 4275 695 4338 presens
720 4275 844 4338 paucas
868 4255 902 4321 in
927 4257 1067 4324 ecclesia
1091 4264 1207 4323 nostra
1230 4276 1390 4340 personas
1413 4259 1593 4323 habeamus
1616 4257 1696 4323 laris
1713 4255 1869 4338 periciam
1885 4260 2047 4325 habentes

394 4371 427 4429 et
451 4363 546 4444 quasi
570 4364 733 4444 continue,
760 4383 830 4429 cum
856 4363 966 4445 aliqua
984 4366 1009 4449 l)
1027 4364 1121 4430 nobis
1146 4370 1180 4430 et
1203 4365 1341 4430 ecclesie
1364 4372 1477 4430 nostre
1500 4363 1647 4445 predicte
1670 4362 1862 4429 incumbunt
1881 4362 2044 4434 iacienda.

399 4469 571 4536 consilium
594 4470 628 4536 iu
651 4471 732 4536 locis
757 4471 924 4538 extraneis
947 4490 1007 4536 nos
1031 4491 1167 4552 querere
1184 4478 1337 4552 oporteat
1353 4479 1387 4537 et
1402 4471 1546 4552 remotis,
1564 4473 1591 4558 ))
1609 4490 1668 4536 nos
1684 4469 1787 4554 igitur
1801 4470 1877 4536 huic
1893 4470 2045 4554 delectui,

396 4577 430 4642 in
465 4583 623 4658 quantum
654 4597 835 4659 possumus
868 4577 1003 4646 obviare
1032 4578 1191 4660 volentes
1221 4581 1414 4660 prudentem
1444 4578 1550 4646 virum
1581 4583 1614 4643 et
1645 4576 1825 4668 discretum
1854 4579 2047 4662 magistrum

394 4685 575 4766 Wykerum
606 4682 728 4749 dictum
753 4685 911 4768 Froysch,
939 4736 970 4749 ..
997 4692 1166 4752 cantorem
1198 4684 1336 4751 ecclesie
1359 4691 1472 4751 nostre
1497 4683 1654 4766 predicte,
1679 4684 1734 4765 qui
1757 4683 1851 4750 nobis
1875 4691 1909 4749 et
1934 4693 2044 4752 nostre

395 4791 531 4858 ecclesie
557 4810 614 4872 per
639 4810 673 4856 se
698 4796 731 4856 et
755 4810 831 4857 suos
856 4791 977 4857 amicos
1001 4791 1123 4874 poterit
1148 4792 1306 4874 proficere
1331 4811 1369 4857 ac
1393 4794 1558 4874 prodesse,
1582 4791 1616 4856 in
1640 4798 1789 4857 nostrum
1813 4791 1993 4874 capitulum
2013 4801 2045 4858 et

394 4896 596 4964 confratrem
632 4896 783 4963 duximus
813 4897 1051 4964 admittendum
1082 4906 1116 4964 et
1144 4898 1251 4981 ipsum
1282 4899 1456 4981 recipimus
1488 4919 1546 4980 per
1576 4905 1764 4981 presentes3
1801 4900 2045 4981 protestaciooc

394 5012 504 5070 tamen
528 5005 713 5087 prehabito,
739 5008 825 5086 quod
849 5004 883 5069 in
908 5004 1092 5071 huiusmodi
1116 5006 1319 5088 recepcione‚
1345 5026 1383 5071 eo
1409 5009 1494 5087 quod
1519 5005 1626 5071 dictus
1652 5057 1683 5074 ..
1710 5011 1827 5070 cantor
1849 5005 1883 5069 in
1908 5006 2044 5072 ecclesia

394 5120 509 5178 nostra
539 5112 689 5194 predicta
720 5112 898 5178 canonicus
928 5132 992 5178 non
1016 5112 1141 5195 existit,
1167 5113 1230 5178 sibi
1254 5112 1400 5196 graciam
1424 5109 1563 5178 facimus
1587 5111 1771 5194 specialem
1797 5115 1961 5204 nepquod
1985 5112 2045 5178 sihi

394 5217 543 5303 graciose
561 5238 750 5286 concessum
766 5217 878 5302 luerit,
905 5221 946 5285 ab
964 5219 1039 5284 aliis
1055 5219 1089 5285 in
1105 5226 1272 5303 posterum
1289 5219 1378 5286 trahi
1394 5219 1505 5286 valeat
1521 5219 1554 5285 in
1571 5218 1762 5300 exemplum.
1809 5219 1880 5284 Hec
1897 5221 2052 5304 omnibus,

394 5333 426 5391 et
458 5326 606 5410 singulis,
633 5345 767 5407 quorum
798 5327 948 5408 interest,
974 5329 1033 5392 sub
1066 5326 1181 5410 sigillis
1212 5326 1450 5392 honorabilium
1478 5325 1622 5394 virorum
1648 5326 1847 5392 dominorum
1873 5379 1905 5392 ..
1933 5327 2044 5394 decani

450 5523 458 5554 ¹
479 5521 541 5576 Dus
556 5523 718 5576 lrrsutahuch
737 5523 839 5576 cntlrdtt
852 5540 903 5578 oue
917 5523 1014 5576 diesem
1027 5522 1113 5576 Jauro
1128 5521 1192 5575 ltm-
1250 5522 1332 5590 ilprr't
1346 5527 1364 5575 8
1377 5525 1405 5586 (§
1417 5525 1473 5590 16),
1493 5522 1577 5591 April
1591 5525 1624 5574 13
1638 5525 1665 5587 (t
1679 5525 1736 5588 17),
1755 5521 1827 5577 Juni
1839 5525 1876 5578 29
1889 5527 1918 5588 (ἕ
1931 5527 1973 5590 18,
1991 5526 2042 5588 19),

394 5618 546 5681 traprmpen
566 5629 631 5667 toll:
650 5615 721 5666 1329
738 5613 852 5668 alo-uuor
866 5617 902 5666 30
921 5615 948 5676 (ἕ
960 5617 985 5667 2.
1005 5613 1044 5680 3),
1064 5612 1147 5664 dicire
1160 5617 1194 5664 13
1247 5611 1421 5680 [terra-mut)
1436 5615 1463 5676 (ἕ
1476 5614 1604 5679 20-22),
1618 5629 1666 5666 cor
1677 5611 1739 5665 tau
1750 5615 1787 5664 25
1800 5615 1828 5676 (ἕ
1839 5615 1897 5679 23),
1912 5615 2044 5682 Augusto*

395 5704 422 5765 (ς’
435 5706 474 5768 4),
494 5701 563 5754 uach
579 5701 660 5754 ltld'ra
674 5705 707 5754 17
727 5705 755 5766 (p'
767 5705 791 5766 5,
810 5705 847 5768 6),
867 5701 950 5754 Mur-r
961 5705 997 5756 20
1013 5702 1040 5764 (t
1056 5705 1091 5765 7),
1113 5701 1193 5754 ,11ίὲιέ
1249 5705 1277 5764 (ἕ
1289 5703 1346 5766 24),
1366 5701 1429 5768 [ror
1449 5701 1602 5769 September
1614 5701 1646 5770 8]
1666 5704 1693 5764 t'p'
1705 5703 1762 5766 25),
1785 5702 1833 5770 cpi.
1847 5701 1900 5754 dra
1921 5702 2043 5755 armaret·

392 5794 429 5844 22
442 5794 470 5854 (ἕ
482 5793 507 5855 S,
522 5793 546 5856 9,
561 5795 615 5856 11)),
637 5792 720 5843 Mttrc
731 5794 766 5842 24
782 5797 809 5854 (p'
823 5792 876 5854 11),
896 5805 936 5843 co.
951 5791 1034 5843 dicire
1046 5794 1081 5843 25
1097 5797 1124 5854 (p‘
1138 5793 1192 5858 12),
1247 5791 1283 5842 im
1305 5791 1424 5860 Aulump
1444 5791 1466 5842 l.

395 5879 477 5932 hicira
486 5882 522 5932 27
533 5883 561 5944 (§
572 5882 625 5946 13),
640 5879 722 5932 Mdra
730 5882 767 5931 28
777 5883 804 5942 (p'
816 5881 869 5946 14),
881 5879 1090 5947 [Μᾶνῑ-Λμνὶί]
1101 5883 1129 5943 (ἕ
1137 5884 1192 5946 15),
