4412 6406
408 330 474 396 404
974 324 1044 380 1335
1063 323 1141 393 April
1159 323 1194 378 22
1214 353 1248 364 -
1268 323 1337 380 1335
1356 324 1435 394 April
1453 326 1495 380 29.

407 521 504 590 brieli
526 530 613 590 wart
636 523 784 606 gegeben
807 522 892 586 nach
916 525 1026 604 gottes
1049 521 1189 604 geburte
1213 521 1480 586 druzenhundert
1502 519 1554 586 iar
1570 519 1605 586 in
1620 521 1692 586 dem
1709 518 2060 602 fundunddrizigesten

408 629 488 712 iare,
513 629 558 696 uh
581 631 645 695 den
668 627 769 695 oister
793 629 902 693 abent.
1812 651 1813 656 =

621 768 765 834 Abeebrr'st
782 768 820 822 im
838 767 1048 823 Falleretetacr
1066 767 1179 838 Κορέαν
1198 771 1253 834 (15.
1266 767 1379 835 Jahrb.)
1398 765 1493 834 12194.
1530 765 1709 822 Krer'sorcbr'u
1726 766 1889 836 Wrirrburq.

409 1111 500 1190 521.
526 1117 910 1200 blandiendoque
938 1139 980 1182 aa
1003 1117 1119 1183 Maiae
1148 1117 1215 1182 read
1240 1116 1356 1200 Propst.
1385 1137 1428 1182 aa
1450 1117 1495 1184 St.
1513 1116 1778 1182 Bartholomaeus
1804 1137 1846 1182 au
1868 1117 2061 1201 Franhfart,

403 1213 405 1218 ’
527 1227 711 1312 heuuftrapt
739 1226 799 1292 dere
828 1225 1012 1290 Deehunterr
1040 1225 1095 1290 des
1125 1223 1427 1305 Liebfrarrerrstiftcs
1456 1223 1522 1288 arrd
1552 1223 1612 1288 den
1636 1221 1776 1304 Psarrer
1803 1245 1846 1288 ru
1868 1223 2062 1308 Frurhsurt,

526 1336 587 1400 den
621 1354 690 1400 com
719 1333 765 1399 St.
789 1331 1261 1412 Burtlrolomuetrsstr'ftshapitel
1293 1351 1367 1394 rum
1396 1327 1581 1394 Dechuatere
1611 1330 1786 1414 pewdhltcrr
1813 1331 1880 1396 aad
1910 1353 1971 1398 eon
1999 1334 2064 1398 idm

403 1504 406 1514 ,
527 1443 710 1526 desupra
731 1439 891 1524 Magister
913 1439 1080 1504 Reirrhard
1111 1439 1188 1522 [uon
1210 1435 1469 1520 EscbersheimJ¹
1493 1439 1527 1502 r'rr
1556 1437 1616 1502 den
1638 1436 1749 1502 Besita
1776 1437 1876 1502 drosos
1900 1438 2064 1506 Dehanats
2178 1471 2179 1480 2

526 1549 745 1630 einaafrihrcrt.
794 1550 880 1612 1335
905 1546 1001 1630 April
1023 1551 1076 1611 22.
2178 1571 2179 1590 κ

517 1691 689 1760 Johannes
713 1687 766 1756 dei
788 1687 900 1774 gracia
916 1691 1060 1754 decanus
1075 1685 1299 1771 Moguntinrrs,
1324 1683 1512 1768 prepositus
1529 1683 1639 1752 sancti
1653 1685 1877 1753 Bartholomei
1892 1688 2066 1756 Franken-
2178 1667 2179 1730 ss

410 1797 577 1868 fordensis
606 1797 829 1866 ecclesiarum.
875 1794 1072 1863 Honorabili
1097 1793 1169 1862 viro
1193 1793 1321 1860 domino
1340 1845 1346 1858 .
1362 1845 1367 1856 .
1385 1795 1511 1859 decano
1534 1791 1655 1859 montis
1679 1801 1794 1860 sancte
1816 1795 1851 1860 Μ
1854 1794 1923 1861 arie
1939 1799 1967 1883 Ι]
1984 1804 2019 1864 et
2035 1850 2064 1863 ..

411 1907 551 1991 plebano
577 1901 895 1985 Frankenlordensi,
927 1901 1067 1968 salutem
1096 1900 1130 1967 in
1161 1899 1300 1966 domino.
1348 1899 1428 1965 Cum
1458 1917 1518 1966 nos
1548 1899 1749 1976 electionem,
1780 1901 2003 1983 provisionem
2034 1913 2066 1972 et

411 2011 619 2081 collationem
648 2009 834 2078 honorabili
863 2009 934 2090 viro
952 2007 1124 2092 ,magistro
1148 2007 1359 2090 Reynhardo,
1385 2025 1444 2090 per
1460 2007 1487 2092 ll
1504 2006 1712 2074 honorabiles
1743 2007 1832 2074 viros
1858 2009 2007 2078 dominos
2032 2065 2064 2079 ..

411 2120 632 2202 scolasticum,
659 2171 691 2186 ..
717 2124 884 2184 cantorem
915 2123 949 2183 et
979 2114 1158 2197 capitulum
1188 2113 1276 2180 dicte
1299 2113 1436 2183 ecclesie
1460 2113 1568 2180 sancti
1591 2114 1816 2182 Bartholomei
1838 2118 1878 2183 de
1902 2119 2065 2188 decanatu

410 2225 493 2294 inibi
514 2232 657 2294 vacante
681 2245 721 2293 ex
744 2230 848 2292 morte
861 2223 888 2309 tl
901 2221 1083 2304 Bertholdi,
1108 2221 1253 2288 eiusdem
1267 2220 1438 2289 novissimi
1453 2219 1579 2304 decani,
1605 2221 1724 2305 factas,
1750 2221 1842 2289 cuius
1858 2225 2065 2294 confirmacio

413 2337 456 2401 ad
478 2352 539 2401 nos
561 2331 688 2400 ratione
711 2331 798 2398 dicte
814 2336 927 2398 nostre
943 2329 1150 2413 prepositure
1167 2327 1334 2412 pertinere
1350 2327 1533 2394 dinoscitur
1549 2328 1645 2411 pleno
1661 2327 1742 2410 iure,
1767 2330 2067 2402 confirmaverimus

412 2439 583 2524 ipsumque
611 2437 855 2507 investierimus
885 2440 926 2503 de
956 2438 1068 2504 eodem
1092 2455 1165 2502 cum
1189 2433 1431 2519 sollempnitate
1455 2435 1570 2502 debita
1593 2441 1627 2501 et
1651 2442 1825 2504 consueta:
1850 2437 1943 2505 vobis
1966 2439 2067 2524 igitur

414 2553 448 2616 et
478 2546 612 2614 cuilibet
641 2553 798 2628 vestrum,
824 2551 922 2628 prout
948 2541 1083 2610 lueritis
1107 2541 1266 2626 requisiti,
1291 2541 1325 2608 in
1348 2542 1472 2610 virtute
1496 2549 1612 2609 sancte
1636 2543 1818 2610 obedientie
1843 2551 1876 2610 et
1899 2530 1960 2612 sub
1985 2568 2068 2630 pena

415 2653 639 2738 suspensionis
670 2651 849 2720 officiorum
871 2657 1057 2720 vestrorum
1085 2650 1223 2716 firmiter
1246 2647 1456 2733 precipiendo
1480 2653 1682 2730 mandamus,
1707 2655 1864 2732 quatinus
1887 2653 2066 2734 predictum

413 2761 608 2847 magistrum
632 2761 877 2844 Reynhardum,
902 2778 961 2841 per
989 2777 1060 2840 nos,
1083 2764 1121 2823 ut
1152 2755 1364 2840 premittitur,
1390 2757 1616 2823 confirmatum
1647 2763 1681 2822 et
1711 2755 1914 2840 investitum,
1940 2759 1976 2825 in
2000 2781 2066 2828 cor·
2178 2829 2179 2832 ,

415 2870 559 2953 poralem
589 2867 828 2951 possessionem
857 2865 938 2932 dicti
967 2867 1149 2932 decanatus
1178 2863 1345 2930 inducatis
1375 2870 1409 2930 et
1440 2862 1665 2946 sollempniter
1687 2863 1883 2947 immittatis,
1907 2863 2065 2938 facientes
2178 2853 2179 2868 ¹

415 2976 479 3044 sibi
509 2977 550 3044 de
579 2975 754 3057 fructibus,
778 2971 971 3055 redditibus,
997 2971 1212 3055 proventibus
1243 2977 1277 3038 et
1307 2969 1564 3038 obventionibus
1588 2969 1844 3053 quibuscumque
1868 2975 1911 3038 ad
1934 2977 2064 3060 eundem

415 3087 612 3152 decanatum
635 3080 876 3164 quomodolibet
900 3079 1128 3163 spectantibus
1152 3077 1360 3163 integraliter
1383 3077 1575 3159 responderi
1598 3083 1633 3144 et
1649 3083 1816 3160 tamquam
1831 3098 1910 3146 vero
1927 3080 2065 3148 eiusdem
2178 3067 2179 3140 r

416 3191 553 3260 ecclesie
577 3193 702 3256 decano
727 3195 795 3256 tarn
819 3187 963 3255 debitam
988 3206 1084 3269 quam
1109 3185 1304 3270 condignam
1328 3185 1552 3252 obedienciam
1575 3192 1607 3252 et
1624 3185 1846 3254 reverentiam
1863 3188 1904 3252 ab
1922 3189 2065 3254 omnibus

417 3295 573 3380 exhiheri,
599 3295 755 3363 adhibitis
786 3295 876 3362 circa
904 3296 966 3361 hec
996 3293 1296 3378 sollempnitatibus
1320 3291 1440 3359 debitis
1464 3299 1497 3358 et
1521 3291 1698 3359 consuetis.
1746 3292 2014 3362 contradictores
2035 3301 2065 3361 et
2178 3347 2179 3352 ,

417 3405 556 3474 rebelles
572 3423 780 3487 quoscunque
797 3423 855 3486 per
871 3420 1044 3469 censuram
1059 3400 1320 3470 ecclesiasticam
1336 3401 1581 3483 compescendo.
1607 3399 1751 3466 Reddite
1766 3399 1887 3474 lrtteras¹
1901 3400 2064 3488 sigillatus.

418 3511 541 3580 Datum
571 3513 632 3578 sub
663 3509 770 3594 sigillo
801 3513 984 3577 decanatus
1014 3508 1121 3575 nostri
1150 3507 1301 3592 predicti,
1326 3526 1389 3590 quo
1419 3506 1542 3574 utimur
1571 3505 1605 3572 in
1628 3507 1784 3590 presenti.
1830 3509 1928 3574 Anno
1952 3507 2066 3574 domini

418 3621 459 3686 rh.
481 3613 543 3686 co‘c.
560 3598 714 3700 XXXVY,J
742 3619 881 3684 sabbato
909 3615 998 3682 infra
1021 3622 1158 3685 octavas
1182 3616 1314 3700 pasche.

564 3811 567 3816 .
635 3761 681 3817 Or.
695 3761 783 3830 Pprrrt.
803 3760 852 3814 mit
871 3759 1073 3829 ahhanpeadcm
1093 3757 1243 3830 separor.
1280 3757 1320 3812 St.
1333 3757 1369 3810 Δ.
1383 3755 1434 3811 ltlr.
1448 3755 1546 3810 Barth.
1560 3755 1600 3810 St.
1614 3756 1667 3810 No.
1680 3759 1742 3811 227.

635 3849 735 3905 (leda.-
752 3849 797 3916 B,
816 3851 869 3902 533
886 3848 957 3902 auch
974 3848 1033 3902 dem
1055 3847 1101 3902 Or.
1126 3893 1129 3900 .

421 4189 513 4270 522.
539 4199 603 4266 Aer
619 4198 774 4264 Heinrich
789 4197 849 4262 VI.
872 4219 934 4263 corr
949 4195 1059 4264 Fuluia
1083 4197 1218 4276 deleant,
1242 4195 1313 4260 dem
1328 4193 1548 4276 Franksurtcr
1563 4193 1694 4280 Bdrqcr
1709 4193 1847 4260 Karou
1870 4217 1929 4260 von
1944 4193 2063 4259 Ldrcerr-

539 4311 620 4373 aeia
651 4313 715 4372 120
747 4306 861 4389 Pfurrd
891 4305 1000 4371 Hetlcr
1033 4327 1075 4369 ru
1109 4305 1260 4370 schaldem
1293 4303 1360 4370 aad
1389 4303 1470 4367 stelit
1499 4301 1635 4386 Br'r'rqerr
1663 4301 1722 4384 fiir
1751 4301 1802 4366 die
1830 4301 2062 4384 Rr'r'clrauhlurrp.
2178 4363 2179 4404 ἒ

540 4411 660 4495 Fatela,
685 4417 772 4479 1335
796 4412 894 4495 April
914 4417 968 4477 29.
2178 4433 2179 4498 r

530 4555 728 4637 Notandum,
753 4551 901 4620 dominus
924 4559 1057 4619 tenetur
1080 4553 1231 4619 Conrado
1256 4550 1343 4617 dieto
1366 4547 1580 4632 Lewinstein,
1605 4548 1769 4632 oppidano
1792 4547 1826 4615 in
1842 4545 2062 4624 Frankiniurt,

424 4669 458 4729 et
480 4663 598 4742 Metze,
623 4680 681 4728 sue
709 4655 807 4743 uxori
835 4659 989 4743 legitime,
1014 4658 1047 4725 in
1079 4665 1208 4724 centum
1238 4664 1272 4724 et
1302 4657 1422 4741 viginti
1450 4655 1544 4723 libris
1572 4655 1768 4722 hallensium
1797 4654 1830 4721 in
1858 4653 1944 4722 festo
1966 4651 2064 4720 sancti
2178 4691 2179 4714 r

404 4768 618 4862 'Michahelis
649 4767 795 4850 proxime
823 4757 962 4834 venturo
987 4765 1169 4846 solvendis;
1202 4772 1235 4831 et
1258 4765 1467 4832 fideiussores
1491 4768 1569 4829 sunt
1591 4762 1823 4847 Engelhardus
1847 4764 1889 4829 de
1911 4758 2064 4828 Franhin-

424 4875 512 4942 stein
543 4880 578 4941 et
607 4874 816 4943 Giselbertus
846 4859 955 4938 dictus
984 4873 1085 4939 Lewe
1115 4871 1251 4954 milites,
1283 4871 1355 4953 qui,
1387 4870 1415 4936 si
1445 4872 1557 4952 elapso
1588 4869 1725 4936 termino
1755 4873 1932 4950 prenotato
1961 4862 2064 4932 moniti

425 4979 559 5064 luerint,
589 4981 624 5048 in
655 4977 876 5047 Frankinfurt
907 4977 1091 5063 obstagium
1122 4978 1247 5045 facient
1276 4978 1422 5060 ipsorum
1451 4976 1558 5057 quivis
1589 4974 1711 5063 [cum]⁸
1741 4995 1805 5042 uno
1835 4972 1956 5040 famulo
1984 4987 2063 5074 more
2178 4961 2179 5052 l

425 5089 523 5157 solito
548 5095 582 5156 et
605 5093 771 5156 consueto.
826 5087 949 5154 Datum
971 5083 1082 5168 Fulde,
1107 5087 1168 5151 sub
1191 5104 1310 5169 magno
1335 5083 1452 5168 sigillo.
1500 5084 1596 5149 Anno
1621 5080 1741 5148 domini
1763 5083 1803 5150 rh.
1827 5080 1894 5146 cod.
1917 5077 2061 5152 XXXV,

406 5197 566 5280 ⁹sabbato
590 5201 668 5262 ante
692 5193 886 5261 dominicam
909 5192 1136 5260 Misericordia
1159 5191 1290 5258 domini.

638 5336 857 5392 Kurrrlei-Notir
876 5336 915 5389 r'rrr
934 5335 1153 5404 Concepterrbuch
1175 5334 1221 5389 dee
1239 5334 1322 5389 Abtca
1340 5332 1476 5387 Heinrich
1497 5347 1550 5386 corr
1568 5329 1665 5385 Fumo
1682 5327 1772 5396 [1104
1790 5327 1845 5382 No.
1858 5331 1919 5383 984.
1954 5322 2062 5380 mnda-

694 5425 837 5482 bt'blr'otbek
854 5441 891 5479 ru
909 5423 1012 5479 Fuldu.

695 5631 720 5682 e)
734 5628 810 5672 Fclrlt
821 5627 850 5669 tn
864 5627 908 5670 der
922 5626 1032 5680 Varistae.
1060 5623 1098 5668 Za
1111 5627 1232 5680 apamen
1245 5625 1311 5669 roure
1324 5623 1395 5690 scobi⁸
1401 5623 1465 5666 auctr
1477 5621 1556 5666 norb:
1569 5624 1608 5675 ,at
1621 5631 1676 5665 oum
1689 5629 1739 5664 uno
1753 5623 1837 5672 equo·.

486 5820 494 5852 ¹
504 5819 653 5892 Volcentem
661 5815 841 5873 oberrando
848 5835 901 5872 voa
911 5815 1056 5870 1335Jum'
1063 5817 1097 5868 16
1104 5814 1158 5868 Νο.
1165 5816 1225 5868 524.
