4436 6404
867 335 936 388 1324
955 333 1105 390 November
1117 336 1153 390 26
1165 365 1198 374 -
1214 336 1281 390 leet
1301 335 1451 390 November
1465 337 1506 390 29.

508 534 707 598 retributire.
755 533 879 610 elicior,
906 537 991 596 1324
1015 532 1185 598 December
1209 540 1227 597 1
1252 533 1333 618 (kal.
1355 533 1558 618 decembris).
1605 537 1641 620 3)
1667 535 1735 600 Der
1751 535 1895 602 Dccbccrci
1911 537 2044 602 Bciiold

506 659 566 706 cort
577 642 623 706 Sc.
635 640 900 705 Bartholomaeus
917 639 1116 718 dectrectaret,
1133 640 1211 706 cluss
1227 663 1260 705 er
1271 641 1332 707 dus
1344 642 1603 722 crebiscbdfiicbe
1614 642 1755 708 Mandat
1766 665 1818 709 orn
1830 651 1861 708 3.
1874 643 2044 710 December

506 751 594 812 1324
617 751 652 812 iu
674 747 731 812 ἄεν
746 746 791 813 Sc.
805 745 1096 812 leonia-rcisicircbe
1120 747 1306 832 cericiimiipi
1321 749 1409 813 bube.
1457 753 1544 813 1324
1560 748 1729 814 December
1744 756 1766 814 3
1781 747 1881 833 (ieria
1897 753 2044 816 secunda

506 853 655 936 proxima
685 857 761 936 post
784 852 868 919 diem
891 851 983 919 beati
1006 853 1138 919 Andree
1163 852 1327 940 apostoli).
1375 857 1412 938 4)
1437 855 1793 922 Notarioisimdrcmerd
1814 859 1869 923 des
1893 857 2045 924 Maiore·

505 959 674 1028 Kierikers
704 961 770 1026 νννᾶ
801 960 921 1026 Noicrs
953 959 1044 1026 Peter
1074 982 1133 1026 coc
1167 959 1337 1029 Udenbeim
1360 959 1617 1046 (,Udinheim“),
1649 964 1727 1029 dass
1757 964 1911 1030 Heinrich
1934 945 2043 1030 Wicrst

505 1067 566 1132 cim
581 1067 731 1134 Maineer
746 1068 852 1133 Noicr
867 1066 1035 1151 Bermpar
1057 1090 1099 1132 mr
1122 1071 1239 1133 scirem
1254 1068 1555 1153 Revolimiiciiipicn
1577 1076 1712 1136 mouent
1729 1071 1795 1136 ried
1810 1073 1913 1136 dieser
1930 1073 2043 1136 wieder

505 1174 567 1240 den
598 1173 697 1258 Grec,
732 1174 864 1256 Officicl
893 1175 950 1239 ἄεν
980 1173 1199 1256 Frarcir'fcrier
1231 1175 1385 1258 Prepsici,
1416 1175 1475 1256 fiir
1505 1177 1573 1241 sicit
1603 1179 1782 1242 sirbstiiuirt
1812 1179 1898 1244 bobr.
1955 1183 2041 1243 1324

378 1317 384 1328 ·
506 1279 677 1347 December
699 1289 721 1346 3
744 1278 845 1366 (feria
867 1283 1013 1347 secunda
1037 1279 1186 1362 proxima
1210 1287 1288 1347 ante
1311 1280 1396 1348 diem
1419 1281 1511 1349 beati
1534 1283 1683 1367 Nycolay
1707 1283 1876 1368 episcopi).

603 1423 830 1490 Proceccroiuius,
857 1439 908 1476 aas
934 1423 1018 1476 eiuern
1042 1424 1115 1477 locere
1140 1423 1198 1476 und
1222 1423 1289 1478 mcci
1315 1423 1621 1493 artmuurcderqeitlebten
1646 1423 1762 1479 Sideten
1780 1426 1868 1494 Ppmt.
1894 1427 2041 1492 besteiteuci,

656 1510 706 1564 mii
730 1511 790 1564 dem
815 1511 1011 1580 obbcupeuderc
1037 1510 1124 1582 Siepci
1149 1511 1195 1566 dec
1222 1510 1412 1577 Fronicfurier
1440 1512 1604 1580 Officielutu.
1648 1513 1687 1567 St.
1707 1515 1740 1566 A.
1760 1514 1810 1566 Fr.
1830 1515 2042 1580 Lcoubcrrisiisi

656 1599 710 1654 No.
727 1603 768 1652 13,

391 1991 484 2068 263.
509 2000 579 2066 Der
605 2003 738 2084 Officmi
767 2003 822 2066 des
847 2001 996 2084 Prope-ies
1029 2024 1086 2066 core
1109 2003 1154 2068 St.
1173 2002 1264 2067 Peior
1294 2006 1328 2066 irc
1351 2003 1466 2068 Meiere
1498 2005 1696 2084 bcccrirmrcici,
1728 2007 1805 2072 does
1836 2011 1869 2071 irc
1892 2008 1960 2071 dem
1987 2028 2045 2071 core

510 2108 574 2173 ibm
598 2109 661 2190 occf
677 2109 808 2174 Geticis-s
824 2109 879 2174 des
895 2109 1131 2175 Arcbiciiabous
1147 2117 1344 2195 repereram
1361 2111 1490 2176 Termirc
1504 2111 1563 2192 fiir
1578 2111 1628 2176 dic
1642 2112 1823 2198 Resciermp
1839 2115 1895 2179 ἄεν
1912 2113 2046 2195 Pfcrrci

512 2214 707 2280 Prourcbeim
736 2217 793 2281 der
822 2215 941 2281 Docicr
970 2217 1163 2282 decretorum
1193 2219 1259 2282 crrrd
1288 2218 1481 2284 Koncnibus
1510 2241 1552 2282 err
1582 2219 1745 2304 Burubery
1768 2219 1802 2284 F
1802 2219 1964 2299 ricciricb,¹
1995 2221 2045 2284 uis

509 2342 579 2386 com
602 2321 822 2404 Frnnirsccrier
845 2324 890 2389 Si.
907 2322 1150 2405 Lcorcbordsiisi
1171 2329 1381 2406 priiscntirtcr
1404 2325 1581 2405 December,
1606 2327 1672 2390 urici
1694 2327 1752 2390 ἄεν
1774 2325 1923 2391 Meierer
1946 2325 2045 2390 Dom-

509 2429 600 2495 eibor
628 2429 746 2509 Simon,
778 2429 834 2494 der
863 2451 931 2494 corn
954 2430 1104 2495 Maineer
1126 2429 1321 2514 Dompropsi
1343 2435 1520 2514 priiseuiiri
1549 2436 1605 2512 sei,
1629 2433 1807 2498 erscbienen
1840 2440 1954 2512 cedre-rr,
1980 2433 2045 2496 und

511 2535 663 2600 bestimmi
686 2537 736 2601 cis
755 2537 883 2600 Tcrmiro
904 2537 964 2618 fiir
986 2537 1036 2600 ἄίε
1053 2536 1269 2618 Iicformoiiorc
1291 2539 1368 2603 iiber
1390 2539 1440 2604 iiic
1457 2540 1645 2621 „tneprdche
1668 2540 1772 2604 beidcr
1794 2540 1853 2604 den
1876 2539 2045 2623 folgenden

512 2641 592 2726 Tap.
645 2641 765 2722 Metire,
798 2648 884 2706 1324
909 2642 1083 2708 November
1105 2649 1149 2708 26
1180 2641 1280 2726 (loric
1303 2646 1322 2708 2
1347 2663 1438 2726 prox.
1462 2665 1492 2726 p.
1515 2644 1600 2711 diem
1625 2646 1653 2710 b.
1676 2644 1857 2711 Katherine
1881 2644 2044 2728 uirginis).

609 2783 654 2838 Or.
669 2783 757 2851 Ppmt.
771 2785 840 2838 cbnc
858 2783 953 2854 Siepei.
991 2785 1029 2838 St.
1044 2787 1078 2838 A.
1093 2785 1143 2838 Fr.
1158 2785 1369 2852 Leonicurdctift
1388 2787 1441 2840 No.
1457 2791 1514 2840 112.

608 2872 707 2926 decc.-
725 2871 841 2936 Idcimer,
864 2872 904 2938 ii,
923 2877 977 2926 259
995 2875 1064 2927 cencii
1083 2873 1141 2927 dem
1163 2873 1209 2928 Or.

392 3265 486 3342 264.
511 3275 577 3339 Abi
599 3275 752 3340 Heinrich
775 3276 830 3339 VI.
856 3297 915 3340 'corr
934 3275 1044 3341 liuida
1068 3279 1267 3358 bcccrirrmdet,
1292 3280 1369 3344 dass
1393 3302 1426 3344 cr
1449 3281 1518 3344 ciem
1534 3279 1753 3362 Franbfccrier
1769 3281 1898 3365 Biirper
1914 3281 2046 3346 Beriold

509 3380 628 3446 Voiiceii
649 3382 709 3463 fiir
732 3385 797 3446 circe
820 3383 939 3448 Scbcrid
963 3405 1021 3448 com
1045 3389 1113 3448 332
1135 3383 1249 3465 Pfurcd
1271 3385 1401 3451 Helierm
1426 3387 1476 3451 dic
1497 3387 1594 3452 Woiie
1617 3409 1677 3452 eus
1700 3388 1769 3452 dein
1792 3387 1911 3452 Beeirb
1925 3387 2045 3466 Fuluio,

511 3489 578 3552 cinci
608 3489 800 3569 occsccrdem,
825 3490 905 3570 soils
937 3491 1053 3574 odibip,
1085 3491 1135 3556 die
1158 3491 1254 3557 ¹Woilc
1283 3515 1344 3558 arcs
1373 3494 1443 3558 ciero
1466 3493 1584 3558 Bceiri·
1607 3494 1828 3578 Binpercbcim,
1853 3497 1965 3562 ‘cccicice
1995 3520 2046 3562 occ

513 3601 543 3660 1.
561 3595 635 3660 Mei
659 3601 746 3660 1325
770 3597 960 3661 ciuicommerc
984 3597 1075 3678 rcird,
1099 3599 1281 3664 iibcriossero
1305 3601 1368 3665 boi.
1417 3605 1503 3664 1324
1527 3601 1700 3666 Noc-erube·
1723 3607 1776 3666 29.

422 3722 428 3738 ‘
502 3738 570 3804 Nos
592 3737 757 3804 Henricus
781 3746 843 3804 etc.
865 3738 1137 3822 recognoscimus,
1163 3744 1258 3822 quod,
1291 3761 1363 3807 cum
1388 3741 1563 3808 Bertoldus
1593 3743 1701 3809 dictus
1717 3743 1860 3826 Volkelt,
1887 3745 2048 3826 opidanus

395 3845 738 3926 FrankenvordensiS,
763 3851 932 3912 trecentas
963 3852 996 3912 et
1026 3845 1167 3930 triginta
1198 3850 1280 3914 duas
1310 3848 1414 3914 libras
1443 3832 1638 3915 ballensium
1668 3850 1703 3915 in
1733 3850 1912 3918 utilitatem
1935 3859 2047 3920 nostre

396 3951 532 4018 ecclesie
557 3971 734 4019 conversas
750 3952 844 4018 nobis
859 3951 893 4018 in
909 3961 1030 4035 parate
1046 3953 1186 4036 pecunia
1202 3953 1376 4035 mutuavit,
1402 3955 1596 4036 pecuniam⁸
1617 3956 1737 4036 lanam,
1763 3976 1860 4038 quom
1876 3960 1916 4024 de
1932 3959 2048 4026 ovibus

397 4057 518 4125 nostris
550 4057 583 4124 in
614 4057 766 4126 districtu
797 4066 910 4126 nostro
933 4059 1093 4126 Fuldensi
1121 4061 1154 4126 in
1179 4061 1325 4144 proximo
1350 4059 1436 4128 iesto
1461 4064 1557 4128 beate
1574 4061 1764 4146 Walpurgis
1787 4063 1989 4146 habebimus,
2014 4065 2048 4131 in

397 4165 594 4232 solucionem
631 4165 711 4232 dicti
745 4165 850 4232 mutui
885 4185 944 4247 pro
975 4173 1070 4234 tanto
1102 4168 1205 4250 precii
1235 4169 1471 4250 moderamine,
1504 4167 1590 4234 sicut
1618 4169 1697 4234 lano
1727 4176 1805 4234 tunc
1835 4171 2050 4238 communiter

397 4271 562 4354 venditur,
587 4271 622 4338 in
653 4274 764 4339 eodem
788 4271 874 4340 iesto
899 4272 962 4340 sibi
985 4274 1038 4340 vel
1062 4273 1130 4342 suis
1153 4273 1328 4341 heredibus
1352 4278 1431 4342 dare
1455 4275 1676 4357 promittimus
1700 4287 1734 4342 et
1756 4297 1816 4344 nos
1840 4277 2049 4358 presentibus

398 4378 589 4462 obligamus,
615 4377 764 4446 deiectus
795 4399 933 4463 quoque,
958 4381 986 4448 si
1017 4381 1088 4463 quis
1118 4381 1152 4447 in
1182 4380 1273 4448 dicta
1298 4382 1378 4448 lena
1401 4381 1511 4465 fuerit,
1536 4382 1586 4449 ita
1610 4387 1695 4464 quod
1720 4383 1841 4450 soluoio
1865 4384 2050 4451 huiusmodi

398 4483 534 4567 pecunie
558 4485 664 4552 minus
688 4485 859 4569 adimpleri
882 4488 1003 4569 valeat,
1028 4489 1115 4554 hunc
1139 4490 1179 4555 de
1202 4489 1280 4556 lana
1295 4497 1411 4556 nostra
1426 4488 1459 4554 in
1477 4489 1691 4573 Bingenheim
1707 4489 1860 4572 supplere
1877 4492 2048 4574 debemus;

397 4591 637 4659 constituentes
673 4591 777 4660 eidem
811 4592 845 4660 in
882 4593 1019 4661 solidum
1054 4594 1262 4663 fideiussores
1297 4603 1473 4662 strennuos
1507 4595 1628 4662 milites
1660 4594 1850 4662 Graitonem
1881 4599 2049 4680 Groppen‚

398 4700 583 4766 iohannem
606 4703 646 4766 de
670 4699 896 4784 Kinzenbach,
914 4701 1073 4769 Wiricum
1097 4706 1137 4769 de
1160 4702 1275 4770 Echzil
1299 4709 1333 4770 et
1357 4703 1578 4769 Ebirlardum
1603 4702 1848 4789 Quittenboum,
1874 4703 1939 4787 qui,
1965 4705 2049 4771 siin

398 4805 564 4874 solucione
594 4806 681 4873 dicte
709 4808 785 4874 lane
816 4807 944 4875 remissi
973 4808 1026 4876 vel
1057 4809 1261 4894 negligentes
1291 4807 1458 4892 fuerimus,
1483 4809 1599 4876 moniti
1629 4830 1688 4892 per
1712 4810 1834 4876 dictum
1859 4813 2050 4878 Bertoldum

398 4913 451 4980 vel
482 4933 558 4980 suos
588 4911 749 4980 heredesl
772 4913 806 4980 in
835 4913 985 4999 obstagio
1009 4915 1245 4983 Frankenvort
1267 4917 1414 4999 recipere
1439 4937 1473 4984 se
1497 4919 1707 5000 tenebuntur,
1733 4916 1858 4983 tamdiu
1882 4937 2050 5000 quousque

399 5019 606 5104 negligencia
628 5020 813 5087 huiusmodi
836 5041 894 5104 per
918 5042 977 5089 nos
1000 5023 1053 5090 vel
1077 5030 1225 5090 nostrum
1249 5042 1471 5090 successorem
1488 5025 1582 5107 plene
1599 5023 1700 5090 fuerit
1716 5021 1906 5091 reformato.
1954 5025 2002 5092 Et
2016 5026 2050 5091 in

399 5125 494 5193 huius
518 5127 567 5193 rei
591 5126 811 5194 testimonium
836 5126 978 5212 sigillum
1002 5137 1150 5196 nostrum
1174 5137 1236 5196 etc.
1263 5183 1268 5196 .
1317 5131 1384 5196 Nos
1409 5151 1535 5213 quoque
1551 5131 1759 5198 fideiussores
1777 5134 1818 5198 ad
1836 5132 2049 5198 exolvendum

666 5371 691 5418 a)
708 5367 859 5420 ,pecuniand
875 5368 908 5410 isi
928 5367 1048 5410 erricccder
1063 5369 1101 5410 circ
1117 5367 1208 5411 fictur
1222 5367 1263 5410 ciro
1279 5367 1426 5411 Scirrribcrs,
1443 5367 1500 5410 oder
1516 5366 1622 5418 ,luneru‘
1639 5381 1704 5410 cirues
1718 5369 1772 5412 tter
1786 5369 1945 5422 arijccticiscir
1959 5371 2052 5424 pesum!

615 5437 709 5480 rrrrden
723 5455 749 5474 =
765 5436 886 5492 Woiipeici.
916 5440 939 5489 b)
955 5437 1072 5492 VcrInpe:
1088 5438 1250 5488 ,benedicum

454 5640 462 5676 ¹
484 5644 631 5698 Ebiedricb
650 5661 701 5698 vom
714 5645 795 5711 Soita,
817 5647 864 5714 cpi.
884 5645 928 5698 die
947 5645 988 5698 ὑπ’
1001 5645 1118 5710 Reium,
1137 5648 1153 5699 i.
1167 5663 1196 5710 c,

398 5735 453 5786 258
459 5733 603 5803 pedrucirte
610 5733 1198 5791 PrdcmictiorrmrirnndcdeoStLeorrbcrd·

399 5821 488 5890 rtistee
505 5822 531 5877 ἄ.
545 5823 572 5878 d.
592 5825 662 5880 1324
680 5821 830 5880 Nocernber
851 5827 872 5878 7.
