<?xml version="1.0" encoding="UTF-8"?>
<!DOCTYPE html PUBLIC "-//W3C//DTD XHTML 1.0 Transitional//EN"
    "http://www.w3.org/TR/xhtml1/DTD/xhtml1-transitional.dtd">
<html xmlns="http://www.w3.org/1999/xhtml" xml:lang="en" lang="en">
 <head>
  <title>
</title>
<meta http-equiv="Content-Type" content="text/html;charset=utf-8" />
  <meta name='ocr-system' content='tesseract 3.04.00' />
  <meta name='ocr-capabilities' content='ocr_page ocr_carea ocr_par ocr_line ocrx_word'/>
</head>
<body>
  <div class='ocr_page' id='page_1' title='image "./codexdiplomatic01nathgoog_0154.png"; bbox 0 0 4414 6402; ppageno 0'>
   <div class='ocr_carea' id='block_1_1' title="bbox 391 289 1361 358">
    <p class='ocr_par' dir='ltr' id='par_1_1' title="bbox 391 289 1361 358">
     <span class='ocr_line' id='line_1_1' title="bbox 391 289 1361 358; baseline -0.014 0"><span class='ocrx_word' id='word_1_1' title='bbox 391 294 454 358; x_wconf 82' lang='lat'>142</span> <span class='ocrx_word' id='word_1_2' title='bbox 1074 291 1140 344; x_wconf 82' lang='lat'>1321</span> <span class='ocrx_word' id='word_1_3' title='bbox 1160 289 1318 358; x_wconf 83' lang='lat' dir='ltr'>September</span> <span class='ocrx_word' id='word_1_4' title='bbox 1336 292 1361 344; x_wconf 88' lang='lat'>3.</span> 
     </span>
    </p>
   </div>
   <div class='ocr_carea' id='block_1_2' title="bbox 389 485 2042 1535">
    <p class='ocr_par' dir='ltr' id='par_1_2' title="bbox 389 485 2042 1535">
     <span class='ocr_line' id='line_1_2' title="bbox 390 485 2040 573; baseline 0 -18"><span class='ocrx_word' id='word_1_5' title='bbox 390 489 498 556; x_wconf 89' lang='lat' dir='ltr'>saneti</span> <span class='ocrx_word' id='word_1_6' title='bbox 514 486 736 556; x_wconf 87' lang='lat' dir='ltr'>Bartholomei</span> <span class='ocrx_word' id='word_1_7' title='bbox 748 487 775 573; x_wconf 74' lang='lat' dir='ltr'>ll</span> <span class='ocrx_word' id='word_1_8' title='bbox 788 485 1113 554; x_wconf 85' lang='lat' dir='ltr'>Frankenlordensis</span> <span class='ocrx_word' id='word_1_9' title='bbox 1138 493 1254 554; x_wconf 88' lang='lat' dir='ltr'>contre</span> <span class='ocrx_word' id='word_1_10' title='bbox 1278 491 1438 554; x_wconf 89' lang='lat' dir='ltr'>decenum</span> <span class='ocrx_word' id='word_1_11' title='bbox 1462 495 1541 555; x_wconf 90' lang='lat' dir='ltr'>et..</span> <span class='ocrx_word' id='word_1_12' title='bbox 1561 488 1741 572; x_wconf 90' lang='lat' dir='ltr'>capitulum</span> <span class='ocrx_word' id='word_1_13' title='bbox 1764 490 1903 564; x_wconf 83' lang='lat' dir='ltr'>ecelesia</span> <span class='ocrx_word' id='word_1_14' title='bbox 1927 497 2040 558; x_wconf 87' lang='lat' dir='ltr'>sancte</span> 
     </span>
     <span class='ocr_line' id='line_1_3' title="bbox 389 592 2040 683; baseline 0.001 -21"><span class='ocrx_word' id='word_1_15' title='bbox 389 595 494 664; x_wconf 84' lang='lat' dir='ltr'>Maria</span> <span class='ocrx_word' id='word_1_16' title='bbox 525 615 564 662; x_wconf 90' lang='lat' dir='ltr'>ao</span> <span class='ocrx_word' id='word_1_17' title='bbox 593 594 685 662; x_wconf 90' lang='lat' dir='ltr'>beati</span> <span class='ocrx_word' id='word_1_18' title='bbox 708 593 844 678; x_wconf 82' lang='lat' dir='ltr'>Georgii</span> <span class='ocrx_word' id='word_1_19' title='bbox 873 593 994 660; x_wconf 79' lang='lat' dir='ltr'>ibidem</span> <span class='ocrx_word' id='word_1_20' title='bbox 1025 602 1267 676; x_wconf 89' lang='lat' dir='ltr'>prosequuntur</span> <span class='ocrx_word' id='word_1_21' title='bbox 1296 595 1330 661; x_wconf 91' lang='lat' dir='ltr'>in</span> <span class='ocrx_word' id='word_1_22' title='bbox 1361 592 1481 662; x_wconf 92' lang='lat' dir='ltr'>iudicio</span> <span class='ocrx_word' id='word_1_23' title='bbox 1506 615 1616 663; x_wconf 85' lang='lat' dir='ltr'>coram</span> <span class='ocrx_word' id='word_1_24' title='bbox 1639 596 1744 663; x_wconf 89' lang='lat' dir='ltr'>nobis.</span> <span class='ocrx_word' id='word_1_25' title='bbox 1792 597 1915 668; x_wconf 85' lang='lat' dir='ltr'>Datum</span> <span class='ocrx_word' id='word_1_26' title='bbox 1939 617 1999 680; x_wconf 89' lang='lat' dir='ltr'>per</span> <span class='ocrx_word' id='word_1_27' title='bbox 2015 598 2040 683; x_wconf 74' lang='lat' dir='ltr'>ll</span> 
     </span>
     <span class='ocr_line' id='line_1_4' title="bbox 390 681 2040 792; baseline -0.001 -22"><span class='ocrx_word' id='word_1_28' title='bbox 390 703 526 786; x_wconf 89' lang='lat' dir='ltr'>copiam,</span> <span class='ocrx_word' id='word_1_29' title='bbox 552 703 611 768; x_wconf 93' lang='lat' dir='ltr'>sub</span> <span class='ocrx_word' id='word_1_30' title='bbox 636 721 722 768; x_wconf 89' lang='lat' dir='ltr'>anno</span> <span class='ocrx_word' id='word_1_31' title='bbox 746 700 869 767; x_wconf 91' lang='lat' dir='ltr'>domini</span> <span class='ocrx_word' id='word_1_32' title='bbox 891 701 932 768; x_wconf 87' lang='lat' dir='ltr'>rh.</span> <span class='ocrx_word' id='word_1_33' title='bbox 951 697 1016 770; x_wconf 77' lang='lat' dir='ltr'>odo.</span> <span class='ocrx_word' id='word_1_34' title='bbox 1034 681 1140 784; x_wconf 54' lang='lat' dir='ltr'>XXI,</span> <span class='ocrx_word' id='word_1_35' title='bbox 1158 683 1220 768; x_wconf 83' lang='lat' dir='ltr'>lli.</span> <span class='ocrx_word' id='word_1_36' title='bbox 1238 722 1343 770; x_wconf 89' lang='lat' dir='ltr'>nonos</span> <span class='ocrx_word' id='word_1_37' title='bbox 1358 702 1565 786; x_wconf 82' lang='lat' dir='ltr'>septembris.</span> <span class='ocrx_word' id='word_1_38' title='bbox 1604 703 1675 770; x_wconf 90' lang='lat' dir='ltr'>Hec</span> <span class='ocrx_word' id='word_1_39' title='bbox 1691 710 1769 770; x_wconf 92' lang='lat' dir='ltr'>sunt</span> <span class='ocrx_word' id='word_1_40' title='bbox 1784 705 2040 792; x_wconf 85' lang='lat' dir='ltr'>interrogatoria</span> 
     </span>
     <span class='ocr_line' id='line_1_5' title="bbox 390 808 2041 894; baseline 0.001 -17"><span class='ocrx_word' id='word_1_41' title='bbox 390 810 536 878; x_wconf 88' lang='lat' dir='ltr'>exhibita</span> <span class='ocrx_word' id='word_1_42' title='bbox 567 828 625 893; x_wconf 93' lang='lat' dir='ltr'>pro</span> <span class='ocrx_word' id='word_1_43' title='bbox 656 814 752 892; x_wconf 89' lang='lat' dir='ltr'>parte</span> <span class='ocrx_word' id='word_1_44' title='bbox 783 808 983 876; x_wconf 89' lang='lat' dir='ltr'>dominorum</span> <span class='ocrx_word' id='word_1_45' title='bbox 1009 861 1041 876; x_wconf 94' lang='lat'>..</span> <span class='ocrx_word' id='word_1_46' title='bbox 1067 810 1185 880; x_wconf 86' lang='lat' dir='ltr'>decani</span> <span class='ocrx_word' id='word_1_47' title='bbox 1216 817 1249 876; x_wconf 91' lang='lat' dir='ltr'>et</span> <span class='ocrx_word' id='word_1_48' title='bbox 1281 810 1417 891; x_wconf 89' lang='lat' dir='ltr'>capituli</span> <span class='ocrx_word' id='word_1_49' title='bbox 1447 809 1583 878; x_wconf 82' lang='lat' dir='ltr'>ecclesie</span> <span class='ocrx_word' id='word_1_50' title='bbox 1614 812 1711 878; x_wconf 88' lang='lat' dir='ltr'>beate</span> <span class='ocrx_word' id='word_1_51' title='bbox 1735 811 1840 878; x_wconf 86' lang='lat' dir='ltr'>Maria</span> <span class='ocrx_word' id='word_1_52' title='bbox 1870 811 2041 894; x_wconf 75' lang='lat' dir='ltr'>sanctique</span> 
     </span>
     <span class='ocr_line' id='line_1_6' title="bbox 390 913 2041 1002; baseline 0 -17"><span class='ocrx_word' id='word_1_53' title='bbox 390 917 526 1002; x_wconf 83' lang='lat' dir='ltr'>Georgii</span> <span class='ocrx_word' id='word_1_54' title='bbox 549 913 872 983; x_wconf 83' lang='lat' dir='ltr'>Frankenlordensis</span> <span class='ocrx_word' id='word_1_55' title='bbox 897 922 1013 982; x_wconf 83' lang='lat' dir='ltr'>contre</span> <span class='ocrx_word' id='word_1_56' title='bbox 1037 916 1194 982; x_wconf 78' lang='lat' dir='ltr'>articulos</span> <span class='ocrx_word' id='word_1_57' title='bbox 1218 915 1335 984; x_wconf 89' lang='lat' dir='ltr'>decani</span> <span class='ocrx_word' id='word_1_58' title='bbox 1359 923 1392 982; x_wconf 89' lang='lat' dir='ltr'>et</span> <span class='ocrx_word' id='word_1_59' title='bbox 1417 916 1553 999; x_wconf 87' lang='lat' dir='ltr'>capituli</span> <span class='ocrx_word' id='word_1_60' title='bbox 1577 918 1713 985; x_wconf 88' lang='lat' dir='ltr'>ecclesie</span> <span class='ocrx_word' id='word_1_61' title='bbox 1737 918 1846 985; x_wconf 88' lang='lat' dir='ltr'>sancti</span> <span class='ocrx_word' id='word_1_62' title='bbox 1868 919 2041 988; x_wconf 86' lang='lat' dir='ltr'>Bartholo-</span> 
     </span>
     <span class='ocr_line' id='line_1_7' title="bbox 389 1021 2040 1108; baseline 0.001 -17"><span class='ocrx_word' id='word_1_63' title='bbox 389 1025 452 1091; x_wconf 93' lang='lat' dir='ltr'>mei</span> <span class='ocrx_word' id='word_1_64' title='bbox 467 1022 597 1103; x_wconf 84' lang='lat' dir='ltr'>ibidem,</span> <span class='ocrx_word' id='word_1_65' title='bbox 614 1022 785 1104; x_wconf 87' lang='lat' dir='ltr'>iuxtaque</span> <span class='ocrx_word' id='word_1_66' title='bbox 802 1029 920 1105; x_wconf 90' lang='lat' dir='ltr'>petunt</span> <span class='ocrx_word' id='word_1_67' title='bbox 935 1021 1134 1107; x_wconf 86' lang='lat' dir='ltr'>interrogari</span> <span class='ocrx_word' id='word_1_68' title='bbox 1151 1028 1255 1090; x_wconf 90' lang='lat' dir='ltr'>testes</span> <span class='ocrx_word' id='word_1_69' title='bbox 1272 1028 1388 1090; x_wconf 90' lang='lat' dir='ltr'>contra</span> <span class='ocrx_word' id='word_1_70' title='bbox 1404 1043 1439 1090; x_wconf 91' lang='lat' dir='ltr'>se</span> <span class='ocrx_word' id='word_1_71' title='bbox 1456 1027 1682 1108; x_wconf 88' lang='lat' dir='ltr'>producendos</span> <span class='ocrx_word' id='word_1_72' title='bbox 1698 1045 1770 1092; x_wconf 91' lang='lat' dir='ltr'>cum</span> <span class='ocrx_word' id='word_1_73' title='bbox 1787 1025 2040 1108; x_wconf 80' lang='lat' dir='ltr'>protestatione,</span> 
     </span>
     <span class='ocr_line' id='line_1_8' title="bbox 389 1131 2041 1216; baseline -0.001 -17"><span class='ocrx_word' id='word_1_74' title='bbox 389 1135 485 1214; x_wconf 89' lang='lat' dir='ltr'>quod,</span> <span class='ocrx_word' id='word_1_75' title='bbox 510 1131 539 1198; x_wconf 90' lang='lat' dir='ltr'>si</span> <span class='ocrx_word' id='word_1_76' title='bbox 562 1131 634 1212; x_wconf 92' lang='lat' dir='ltr'>quis</span> <span class='ocrx_word' id='word_1_77' title='bbox 658 1131 791 1197; x_wconf 88' lang='lat' dir='ltr'>testium</span> <span class='ocrx_word' id='word_1_78' title='bbox 816 1133 1098 1213; x_wconf 84' lang='lat' dir='ltr'>producendorum</span> <span class='ocrx_word' id='word_1_79' title='bbox 1121 1131 1216 1196; x_wconf 91' lang='lat' dir='ltr'>iuxta</span> <span class='ocrx_word' id='word_1_80' title='bbox 1231 1133 1345 1196; x_wconf 90' lang='lat' dir='ltr'>eadem</span> <span class='ocrx_word' id='word_1_81' title='bbox 1360 1131 1700 1216; x_wconf 84' lang='lat' dir='ltr'>interrogatoriamon</span> <span class='ocrx_word' id='word_1_82' title='bbox 1717 1131 1819 1198; x_wconf 89' lang='lat' dir='ltr'>luerit</span> <span class='ocrx_word' id='word_1_83' title='bbox 1835 1132 2041 1206; x_wconf 82' lang='lat' dir='ltr'>examinatus</span> 
     </span>
     <span class='ocr_line' id='line_1_9' title="bbox 389 1237 2040 1322; baseline 0 -18"><span class='ocrx_word' id='word_1_84' title='bbox 389 1238 575 1322; x_wconf 88' lang='lat' dir='ltr'>diligenter,</span> <span class='ocrx_word' id='word_1_85' title='bbox 601 1239 687 1319; x_wconf 92' lang='lat' dir='ltr'>quod</span> <span class='ocrx_word' id='word_1_86' title='bbox 718 1257 782 1303; x_wconf 92' lang='lat' dir='ltr'>non</span> <span class='ocrx_word' id='word_1_87' title='bbox 813 1254 872 1318; x_wconf 92' lang='lat' dir='ltr'>pro</span> <span class='ocrx_word' id='word_1_88' title='bbox 903 1239 1078 1319; x_wconf 89' lang='lat' dir='ltr'>producto·</span> <span class='ocrx_word' id='word_1_89' title='bbox 1094 1243 1128 1303; x_wconf 91' lang='lat' dir='ltr'>et</span> <span class='ocrx_word' id='word_1_90' title='bbox 1157 1255 1222 1304; x_wconf 91' lang='lat' dir='ltr'>non</span> <span class='ocrx_word' id='word_1_91' title='bbox 1253 1237 1440 1304; x_wconf 87' lang='lat' dir='ltr'>examinato</span> <span class='ocrx_word' id='word_1_92' title='bbox 1470 1237 1643 1304; x_wconf 83' lang='lat' dir='ltr'>habeatur.</span> <span class='ocrx_word' id='word_1_93' title='bbox 1694 1241 1792 1322; x_wconf 81' lang='grc'>1-7)</span> <span class='ocrx_word' id='word_1_94' title='bbox 1816 1237 1861 1304; x_wconf 82' lang='lat' dir='ltr'>Et</span> <span class='ocrx_word' id='word_1_95' title='bbox 1885 1238 2040 1322; x_wconf 84' lang='lat' dir='ltr'>siquidem</span> 
     </span>
     <span class='ocr_line' id='line_1_10' title="bbox 389 1343 2042 1428; baseline -0.001 -16"><span class='ocrx_word' id='word_1_96' title='bbox 389 1363 488 1428; x_wconf 92' lang='lat' dir='ltr'>super</span> <span class='ocrx_word' id='word_1_97' title='bbox 519 1344 622 1428; x_wconf 92' lang='lat' dir='ltr'>primo</span> <span class='ocrx_word' id='word_1_98' title='bbox 655 1343 794 1410; x_wconf 91' lang='lat' dir='ltr'>articulo</span> <span class='ocrx_word' id='word_1_99' title='bbox 825 1350 859 1410; x_wconf 90' lang='lat' dir='ltr'>et</span> <span class='ocrx_word' id='word_1_100' title='bbox 889 1343 1101 1424; x_wconf 87' lang='lat' dir='ltr'>sequentibus</span> <span class='ocrx_word' id='word_1_101' title='bbox 1131 1362 1234 1424; x_wconf 90' lang='lat' dir='ltr'>usque</span> <span class='ocrx_word' id='word_1_102' title='bbox 1264 1346 1306 1409; x_wconf 86' lang='lat' dir='ltr'>ad</span> <span class='ocrx_word' id='word_1_103' title='bbox 1339 1349 1490 1410; x_wconf 89' lang='lat' dir='ltr'>octavum</span> <span class='ocrx_word' id='word_1_104' title='bbox 1516 1345 1688 1412; x_wconf 89' lang='lat' dir='ltr'>articulum</span> <span class='ocrx_word' id='word_1_105' title='bbox 1713 1345 1879 1412; x_wconf 83' lang='lat' dir='ltr'>exclusive</span> <span class='ocrx_word' id='word_1_106' title='bbox 1903 1353 2042 1418; x_wconf 88' lang='lat' dir='ltr'>nonest</span> 
     </span>
     <span class='ocr_line' id='line_1_11' title="bbox 389 1449 2041 1535; baseline -0.001 -15"><span class='ocrx_word' id='word_1_107' title='bbox 389 1473 472 1535; x_wconf 88' lang='lat' dir='ltr'>opus</span> <span class='ocrx_word' id='word_1_108' title='bbox 500 1451 613 1518; x_wconf 91' lang='lat' dir='ltr'>multis</span> <span class='ocrx_word' id='word_1_109' title='bbox 642 1450 920 1534; x_wconf 87' lang='lat' dir='ltr'>interrogatoriis,</span> <span class='ocrx_word' id='word_1_110' title='bbox 953 1449 1030 1532; x_wconf 91' lang='lat' dir='ltr'>quia</span> <span class='ocrx_word' id='word_1_111' title='bbox 1061 1502 1097 1516; x_wconf 91' lang='lat'>..</span> <span class='ocrx_word' id='word_1_112' title='bbox 1130 1458 1325 1531; x_wconf 89' lang='lat' dir='ltr'>procurator</span> <span class='ocrx_word' id='word_1_113' title='bbox 1355 1450 1516 1518; x_wconf 89' lang='lat' dir='ltr'>dictorum</span> <span class='ocrx_word' id='word_1_114' title='bbox 1546 1451 1747 1518; x_wconf 90' lang='lat' dir='ltr'>dominorum</span> <span class='ocrx_word' id='word_1_115' title='bbox 1778 1451 1915 1518; x_wconf 87' lang='lat' dir='ltr'>ecclesie</span> <span class='ocrx_word' id='word_1_116' title='bbox 1944 1454 2041 1526; x_wconf 88' lang='lat' dir='ltr'>beate</span> 
     </span>
    </p>
   </div>
   <div class='ocr_carea' id='block_1_3' title="bbox 389 1555 2107 1644">
    <p class='ocr_par' dir='ltr' id='par_1_3' title="bbox 389 1535 2182 1662">
     <span class='ocr_line' id='line_1_12' title="bbox 389 1555 2107 1644; baseline -0.001 -18"><span class='ocrx_word' id='word_1_117' title='bbox 389 1559 495 1626; x_wconf 87' lang='lat' dir='ltr'>Marie</span> <span class='ocrx_word' id='word_1_118' title='bbox 518 1558 608 1641; x_wconf 91' lang='lat' dir='ltr'>ipsos</span> <span class='ocrx_word' id='word_1_119' title='bbox 632 1565 684 1625; x_wconf 91' lang='lat' dir='ltr'>est</span> <span class='ocrx_word' id='word_1_120' title='bbox 708 1555 880 1640; x_wconf 77' lang='lat' dir='ltr'>confessus</span> <span class='ocrx_word' id='word_1_121' title='bbox 904 1559 963 1624; x_wconf 91' lang='lat' dir='ltr'>sub</span> <span class='ocrx_word' id='word_1_122' title='bbox 988 1565 1081 1623; x_wconf 89' lang='lat' dir='ltr'>certa</span> <span class='ocrx_word' id='word_1_123' title='bbox 1103 1556 1355 1638; x_wconf 83' lang='lat' dir='ltr'>modificatione,</span> <span class='ocrx_word' id='word_1_124' title='bbox 1381 1578 1402 1624; x_wconf 88' lang='lat' dir='ltr'>a</span> <span class='ocrx_word' id='word_1_125' title='bbox 1424 1577 1490 1639; x_wconf 87' lang='lat' dir='ltr'>qua</span> <span class='ocrx_word' id='word_1_126' title='bbox 1513 1577 1577 1625; x_wconf 90' lang='lat' dir='ltr'>nou</span> <span class='ocrx_word' id='word_1_127' title='bbox 1600 1559 1736 1626; x_wconf 88' lang='lat' dir='ltr'>recedit.</span> <span class='ocrx_word' id='word_1_128' title='bbox 1782 1558 1816 1644; x_wconf 88' lang='lat'>8)</span> <span class='ocrx_word' id='word_1_129' title='bbox 1840 1558 1937 1626; x_wconf 79' lang='lat' dir='ltr'>Circa</span> <span class='ocrx_word' id='word_1_130' title='bbox 1952 1566 2042 1628; x_wconf 83' lang='lat' dir='ltr'>otte-</span> <span class='ocrx_word' id='word_1_131' title='bbox 2105 1561 2107 1564; x_wconf 82' lang='grc'><strong>’</strong></span> 
     </span>
    </p>
   </div>
   <div class='ocr_carea' id='block_1_4' title="bbox 334 1662 2045 5808">
    <p class='ocr_par' dir='ltr' id='par_1_4' title="bbox 334 1662 2045 5808">
     <span class='ocr_line' id='line_1_13' title="bbox 389 1662 2041 1748; baseline -0.001 -14"><span class='ocrx_word' id='word_1_132' title='bbox 389 1687 465 1734; x_wconf 91' lang='lat' dir='ltr'>vum</span> <span class='ocrx_word' id='word_1_133' title='bbox 496 1685 574 1732; x_wconf 88' lang='lat' dir='ltr'>vero</span> <span class='ocrx_word' id='word_1_134' title='bbox 606 1664 779 1736; x_wconf 85' lang='lat' dir='ltr'>articulum</span> <span class='ocrx_word' id='word_1_135' title='bbox 804 1685 824 1730; x_wconf 91' lang='lat' dir='ltr'>a</span> <span class='ocrx_word' id='word_1_136' title='bbox 848 1663 992 1746; x_wconf 92' lang='lat' dir='ltr'>quolibet</span> <span class='ocrx_word' id='word_1_137' title='bbox 1016 1671 1111 1743; x_wconf 86' lang='lat' dir='ltr'>teste,</span> <span class='ocrx_word' id='word_1_138' title='bbox 1137 1662 1193 1744; x_wconf 90' lang='lat' dir='ltr'>qui</span> <span class='ocrx_word' id='word_1_139' title='bbox 1215 1663 1321 1744; x_wconf 91' lang='lat' dir='ltr'>ipsum</span> <span class='ocrx_word' id='word_1_140' title='bbox 1352 1663 1523 1730; x_wconf 87' lang='lat' dir='ltr'>articulum</span> <span class='ocrx_word' id='word_1_141' title='bbox 1556 1665 1645 1732; x_wconf 89' lang='lat' dir='ltr'>dicat</span> <span class='ocrx_word' id='word_1_142' title='bbox 1669 1683 1742 1733; x_wconf 88' lang='lat' dir='ltr'>esse</span> <span class='ocrx_word' id='word_1_143' title='bbox 1766 1684 1889 1748; x_wconf 53' lang='lat' dir='ltr'>nicrum,</span> <span class='ocrx_word' id='word_1_144' title='bbox 1914 1673 2041 1737; x_wconf 86' lang='lat' dir='ltr'>secreto</span> 
     </span>
     <span class='ocr_line' id='line_1_14' title="bbox 390 1770 2041 1858; baseline -0.002 -18"><span class='ocrx_word' id='word_1_145' title='bbox 390 1779 423 1840; x_wconf 92' lang='lat' dir='ltr'>et</span> <span class='ocrx_word' id='word_1_146' title='bbox 447 1771 614 1858; x_wconf 80' lang='lat' dir='ltr'>sigillatim</span> <span class='ocrx_word' id='word_1_147' title='bbox 645 1777 803 1853; x_wconf 89' lang='lat' dir='ltr'>queratur</span> <span class='ocrx_word' id='word_1_148' title='bbox 831 1789 930 1853; x_wconf 91' lang='lat' dir='ltr'>super</span> <span class='ocrx_word' id='word_1_149' title='bbox 954 1772 1054 1837; x_wconf 92' lang='lat' dir='ltr'>verbo</span> <span class='ocrx_word' id='word_1_150' title='bbox 1083 1770 1361 1854; x_wconf 81' lang='lat' dir='ltr'>,parrochianis“,</span> <span class='ocrx_word' id='word_1_151' title='bbox 1387 1771 1442 1852; x_wconf 92' lang='lat' dir='ltr'>qui</span> <span class='ocrx_word' id='word_1_152' title='bbox 1466 1772 1619 1838; x_wconf 89' lang='lat' dir='ltr'>dicantur</span> <span class='ocrx_word' id='word_1_153' title='bbox 1643 1770 1862 1854; x_wconf 80' lang='lat' dir='ltr'>parrochiani,</span> <span class='ocrx_word' id='word_1_154' title='bbox 1887 1771 2041 1858; x_wconf 84' lang='lat' dir='ltr'>numquid</span> 
     </span>
     <span class='ocr_line' id='line_1_15' title="bbox 389 1875 2042 1965; baseline -0.002 -18"><span class='ocrx_word' id='word_1_155' title='bbox 389 1879 590 1965; x_wconf 85' lang='lat' dir='ltr'>generaliter</span> <span class='ocrx_word' id='word_1_156' title='bbox 620 1897 731 1946; x_wconf 90' lang='lat' dir='ltr'>omues</span> <span class='ocrx_word' id='word_1_157' title='bbox 762 1884 797 1944; x_wconf 91' lang='lat' dir='ltr'>et</span> <span class='ocrx_word' id='word_1_158' title='bbox 826 1877 947 1962; x_wconf 83' lang='lat' dir='ltr'>singuli</span> <span class='ocrx_word' id='word_1_159' title='bbox 970 1884 1208 1944; x_wconf 86' lang='lat' dir='ltr'>commorantes</span> <span class='ocrx_word' id='word_1_160' title='bbox 1231 1875 1322 1944; x_wconf 83' lang='lat' dir='ltr'>inira</span> <span class='ocrx_word' id='word_1_161' title='bbox 1343 1877 1465 1944; x_wconf 81' lang='lat' dir='ltr'>limites</span> <span class='ocrx_word' id='word_1_162' title='bbox 1489 1878 1671 1960; x_wconf 75' lang='lat' dir='ltr'>pascuelis,</span> <span class='ocrx_word' id='word_1_163' title='bbox 1697 1886 1734 1945; x_wconf 91' lang='lat' dir='ltr'>ut</span> <span class='ocrx_word' id='word_1_164' title='bbox 1757 1899 1815 1962; x_wconf 92' lang='lat' dir='ltr'>per</span> <span class='ocrx_word' id='word_1_165' title='bbox 1839 1898 2042 1965; x_wconf 86' lang='lat' dir='ltr'>consequens</span> 
     </span>
     <span class='ocr_line' id='line_1_16' title="bbox 390 1984 2041 2071; baseline -0.001 -17"><span class='ocrx_word' id='word_1_166' title='bbox 390 2007 528 2071; x_wconf 90' lang='lat' dir='ltr'>persone</span> <span class='ocrx_word' id='word_1_167' title='bbox 559 1985 709 2070; x_wconf 89' lang='lat' dir='ltr'>religiose</span> <span class='ocrx_word' id='word_1_168' title='bbox 741 2005 867 2052; x_wconf 87' lang='lat' dir='ltr'>necnon</span> <span class='ocrx_word' id='word_1_169' title='bbox 898 1985 1034 2054; x_wconf 88' lang='lat' dir='ltr'>ecclesie</span> <span class='ocrx_word' id='word_1_170' title='bbox 1063 1992 1096 2050; x_wconf 92' lang='lat' dir='ltr'>et</span> <span class='ocrx_word' id='word_1_171' title='bbox 1119 1984 1321 2050; x_wconf 87' lang='lat' dir='ltr'>monasteria</span> <span class='ocrx_word' id='word_1_172' title='bbox 1344 2005 1383 2050; x_wconf 89' lang='lat' dir='ltr'>ac</span> <span class='ocrx_word' id='word_1_173' title='bbox 1408 2004 1518 2051; x_wconf 90' lang='lat' dir='ltr'>eorum</span> <span class='ocrx_word' id='word_1_174' title='bbox 1542 1984 1669 2052; x_wconf 81' lang='lat' dir='ltr'>familia</span> <span class='ocrx_word' id='word_1_175' title='bbox 1691 1985 1911 2053; x_wconf 90' lang='lat' dir='ltr'>includantur.</span> <span class='ocrx_word' id='word_1_176' title='bbox 1960 1988 2041 2058; x_wconf 74' lang='lat' dir='ltr'>Item</span> 
     </span>
     <span class='ocr_line' id='line_1_17' title="bbox 389 2090 2043 2178; baseline -0.003 -16"><span class='ocrx_word' id='word_1_177' title='bbox 389 2103 548 2178; x_wconf 90' lang='lat' dir='ltr'>queratur</span> <span class='ocrx_word' id='word_1_178' title='bbox 572 2115 592 2160; x_wconf 91' lang='lat' dir='ltr'>a</span> <span class='ocrx_word' id='word_1_179' title='bbox 616 2098 710 2175; x_wconf 84' lang='lat' dir='ltr'>teste,</span> <span class='ocrx_word' id='word_1_180' title='bbox 736 2092 890 2173; x_wconf 84' lang='lat' dir='ltr'>nurnquid</span> <span class='ocrx_word' id='word_1_181' title='bbox 915 2094 1058 2158; x_wconf 89' lang='lat' dir='ltr'>decanus</span> <span class='ocrx_word' id='word_1_182' title='bbox 1081 2099 1116 2158; x_wconf 88' lang='lat' dir='ltr'>et</span> <span class='ocrx_word' id='word_1_183' title='bbox 1140 2090 1318 2174; x_wconf 89' lang='lat' dir='ltr'>capitulum</span> <span class='ocrx_word' id='word_1_184' title='bbox 1342 2091 1479 2158; x_wconf 87' lang='lat' dir='ltr'>ecclesie</span> <span class='ocrx_word' id='word_1_185' title='bbox 1495 2093 1603 2159; x_wconf 89' lang='lat' dir='ltr'>sancti</span> <span class='ocrx_word' id='word_1_186' title='bbox 1620 2093 1842 2161; x_wconf 88' lang='lat' dir='ltr'>Bartholomei</span> <span class='ocrx_word' id='word_1_187' title='bbox 1856 2093 2043 2168; x_wconf 84' lang='lat' dir='ltr'>ministrent</span> 
     </span>
     <span class='ocr_line' id='line_1_18' title="bbox 390 2197 2042 2281; baseline -0.002 -12"><span class='ocrx_word' id='word_1_188' title='bbox 390 2210 448 2269; x_wconf 91' lang='lat' dir='ltr'>aut</span> <span class='ocrx_word' id='word_1_189' title='bbox 471 2199 653 2269; x_wconf 87' lang='lat' dir='ltr'>ministrari</span> <span class='ocrx_word' id='word_1_190' title='bbox 675 2198 803 2266; x_wconf 82' lang='lat' dir='ltr'>iaciant</span> <span class='ocrx_word' id='word_1_191' title='bbox 820 2256 826 2268; x_wconf 89' lang='lat'>.</span> <span class='ocrx_word' id='word_1_192' title='bbox 842 2251 848 2264; x_wconf 94' lang='lat'>.</span> <span class='ocrx_word' id='word_1_193' title='bbox 866 2197 1027 2266; x_wconf 78' lang='lat' dir='ltr'>iratribus</span> <span class='ocrx_word' id='word_1_194' title='bbox 1050 2198 1242 2281; x_wconf 88' lang='lat' dir='ltr'>Minoribus,</span> <span class='ocrx_word' id='word_1_195' title='bbox 1268 2198 1544 2281; x_wconf 86' lang='lat' dir='ltr'>Prodicatoribus,</span> <span class='ocrx_word' id='word_1_196' title='bbox 1570 2199 1927 2278; x_wconf 79' lang='lat' dir='ltr'>Anthoniensibus„de</span> <span class='ocrx_word' id='word_1_197' title='bbox 1950 2203 2042 2275; x_wconf 88' lang='lat' dir='ltr'>domo</span> 
     </span>
     <span class='ocr_line' id='line_1_19' title="bbox 375 2305 2042 2392; baseline 0.002 -18"><span class='ocrx_word' id='word_1_198' title='bbox 375 2307 629 2388; x_wconf 31' lang='lat' dir='ltr'>&#39;Theuthonica</span> <span class='ocrx_word' id='word_1_199' title='bbox 655 2305 980 2390; x_wconf 75' lang='lat' dir='ltr'>‚Cycerstioiensibus</span> <span class='ocrx_word' id='word_1_200' title='bbox 1005 2305 1450 2392; x_wconf 73' lang='lat' dir='ltr'>monialibusPenitentibus</span> <span class='ocrx_word' id='word_1_201' title='bbox 1482 2313 1515 2372; x_wconf 90' lang='lat' dir='ltr'>et</span> <span class='ocrx_word' id='word_1_202' title='bbox 1548 2305 1621 2373; x_wconf 88' lang='lat' dir='ltr'>aliis</span> <span class='ocrx_word' id='word_1_203' title='bbox 1651 2306 1814 2390; x_wconf 81' lang='lat' dir='ltr'>religiosis</span> <span class='ocrx_word' id='word_1_204' title='bbox 1843 2315 1911 2374; x_wconf 84' lang='lat' dir='ltr'>aut.</span> <span class='ocrx_word' id='word_1_205' title='bbox 1933 2326 2042 2378; x_wconf 87' lang='lat' dir='ltr'>eorum</span> 
     </span>
     <span class='ocr_line' id='line_1_20' title="bbox 388 2411 2042 2496; baseline 0 -14"><span class='ocrx_word' id='word_1_206' title='bbox 388 2415 512 2484; x_wconf 84' lang='lat' dir='ltr'>familie</span> <span class='ocrx_word' id='word_1_207' title='bbox 536 2422 745 2482; x_wconf 87' lang='lat' dir='ltr'>sacramenta</span> <span class='ocrx_word' id='word_1_208' title='bbox 769 2412 1003 2495; x_wconf 85' lang='lat' dir='ltr'>ecclesiastice,</span> <span class='ocrx_word' id='word_1_209' title='bbox 1027 2412 1104 2480; x_wconf 88' lang='lat' dir='ltr'>licet</span> <span class='ocrx_word' id='word_1_210' title='bbox 1129 2433 1240 2480; x_wconf 88' lang='lat' dir='ltr'>omnes</span> <span class='ocrx_word' id='word_1_211' title='bbox 1266 2412 1405 2496; x_wconf 89' lang='lat' dir='ltr'>predicti</span> <span class='ocrx_word' id='word_1_212' title='bbox 1427 2411 1517 2479; x_wconf 85' lang='lat' dir='ltr'>infra</span> <span class='ocrx_word' id='word_1_213' title='bbox 1539 2412 1661 2480; x_wconf 92' lang='lat' dir='ltr'>limites</span> <span class='ocrx_word' id='word_1_214' title='bbox 1685 2413 1857 2495; x_wconf 87' lang='lat' dir='ltr'>parrochie</span> <span class='ocrx_word' id='word_1_215' title='bbox 1882 2433 1940 2480; x_wconf 93' lang='lat' dir='ltr'>sue</span> <span class='ocrx_word' id='word_1_216' title='bbox 1958 2434 2042 2482; x_wconf 87' lang='lat' dir='ltr'>com·</span> 
     </span>
     <span class='ocr_line' id='line_1_21' title="bbox 389 2519 2044 2606; baseline -0.003 -15"><span class='ocrx_word' id='word_1_217' title='bbox 389 2530 566 2591; x_wconf 89' lang='lat' dir='ltr'>morentur.</span> <span class='ocrx_word' id='word_1_218' title='bbox 615 2524 781 2606; x_wconf 80' lang='lat' dir='ltr'>Queratur</span> <span class='ocrx_word' id='word_1_219' title='bbox 811 2521 955 2602; x_wconf 91' lang='lat' dir='ltr'>insuper,</span> <span class='ocrx_word' id='word_1_220' title='bbox 981 2519 1134 2601; x_wconf 86' lang='lat' dir='ltr'>numquid</span> <span class='ocrx_word' id='word_1_221' title='bbox 1165 2519 1198 2585; x_wconf 90' lang='lat' dir='ltr'>in</span> <span class='ocrx_word' id='word_1_222' title='bbox 1230 2519 1366 2586; x_wconf 84' lang='lat' dir='ltr'>civitate</span> <span class='ocrx_word' id='word_1_223' title='bbox 1396 2526 1430 2586; x_wconf 89' lang='lat' dir='ltr'>et</span> <span class='ocrx_word' id='word_1_224' title='bbox 1461 2523 1594 2603; x_wconf 83' lang='lat' dir='ltr'>dyocesi</span> <span class='ocrx_word' id='word_1_225' title='bbox 1616 2521 1813 2605; x_wconf 84' lang='lat' dir='ltr'>Mogontina</span> <span class='ocrx_word' id='word_1_226' title='bbox 1837 2520 1988 2590; x_wconf 88' lang='lat' dir='ltr'>canonici</span> <span class='ocrx_word' id='word_1_227' title='bbox 2011 2528 2044 2588; x_wconf 89' lang='lat' dir='ltr'>et</span> 
     </span>
     <span class='ocr_line' id='line_1_22' title="bbox 389 2625 2043 2711; baseline -0.003 -12"><span class='ocrx_word' id='word_1_228' title='bbox 389 2630 507 2699; x_wconf 82' lang='lat' dir='ltr'>vicarii</span> <span class='ocrx_word' id='word_1_229' title='bbox 530 2628 741 2695; x_wconf 83' lang='lat' dir='ltr'>ecclesiarum</span> <span class='ocrx_word' id='word_1_230' title='bbox 766 2627 1014 2711; x_wconf 82' lang='lat' dir='ltr'>collegiatarum</span> <span class='ocrx_word' id='word_1_231' title='bbox 1038 2633 1072 2693; x_wconf 87' lang='lat' dir='ltr'>et</span> <span class='ocrx_word' id='word_1_232' title='bbox 1095 2646 1206 2693; x_wconf 93' lang='lat' dir='ltr'>eorum</span> <span class='ocrx_word' id='word_1_233' title='bbox 1230 2625 1356 2693; x_wconf 85' lang='lat' dir='ltr'>familia</span> <span class='ocrx_word' id='word_1_234' title='bbox 1379 2627 1412 2692; x_wconf 91' lang='lat' dir='ltr'>in</span> <span class='ocrx_word' id='word_1_235' title='bbox 1436 2627 1517 2709; x_wconf 89' lang='lat' dir='ltr'>ipsis</span> <span class='ocrx_word' id='word_1_236' title='bbox 1540 2627 1688 2695; x_wconf 89' lang='lat' dir='ltr'>ecclesiis</span> <span class='ocrx_word' id='word_1_237' title='bbox 1712 2649 1770 2694; x_wconf 91' lang='lat' dir='ltr'>seu</span> <span class='ocrx_word' id='word_1_238' title='bbox 1794 2630 1835 2694; x_wconf 92' lang='lat' dir='ltr'>ab</span> <span class='ocrx_word' id='word_1_239' title='bbox 1859 2628 1941 2710; x_wconf 91' lang='lat' dir='ltr'>ipsis</span> <span class='ocrx_word' id='word_1_240' title='bbox 1962 2628 2043 2698; x_wconf 90' lang='lat' dir='ltr'>reci-</span> 
     </span>
     <span class='ocr_line' id='line_1_23' title="bbox 390 2730 2044 2821; baseline -0.002 -17"><span class='ocrx_word' id='word_1_241' title='bbox 390 2737 483 2821; x_wconf 90' lang='lat' dir='ltr'>piant</span> <span class='ocrx_word' id='word_1_242' title='bbox 507 2734 732 2803; x_wconf 87' lang='lat' dir='ltr'>ecclesiastica</span> <span class='ocrx_word' id='word_1_243' title='bbox 755 2741 964 2802; x_wconf 89' lang='lat' dir='ltr'>sacramente</span> <span class='ocrx_word' id='word_1_244' title='bbox 987 2740 1021 2800; x_wconf 90' lang='lat' dir='ltr'>et</span> <span class='ocrx_word' id='word_1_245' title='bbox 1043 2753 1108 2800; x_wconf 92' lang='lat' dir='ltr'>non</span> <span class='ocrx_word' id='word_1_246' title='bbox 1132 2754 1153 2800; x_wconf 90' lang='lat' dir='ltr'>a</span> <span class='ocrx_word' id='word_1_247' title='bbox 1177 2734 1369 2817; x_wconf 90' lang='lat' dir='ltr'>parrochiis,</span> <span class='ocrx_word' id='word_1_248' title='bbox 1393 2730 1483 2800; x_wconf 85' lang='lat' dir='ltr'>inire</span> <span class='ocrx_word' id='word_1_249' title='bbox 1506 2753 1642 2816; x_wconf 88' lang='lat' dir='ltr'>quarum</span> <span class='ocrx_word' id='word_1_250' title='bbox 1666 2734 1889 2802; x_wconf 78' lang='lat' dir='ltr'>limites&#39;dicte</span> <span class='ocrx_word' id='word_1_251' title='bbox 1906 2734 2044 2802; x_wconf 87' lang='lat' dir='ltr'>ecclesie</span> 
     </span>
     <span class='ocr_line' id='line_1_24' title="bbox 390 2840 2041 2934; baseline -0.002 -23"><span class='ocrx_word' id='word_1_252' title='bbox 390 2845 565 2934; x_wconf 88' lang='lat' dir='ltr'>situantur.</span> <span class='ocrx_word' id='word_1_253' title='bbox 614 2841 737 2928; x_wconf 83' lang='lat'>9-13)</span> <span class='ocrx_word' id='word_1_254' title='bbox 760 2840 908 2908; x_wconf 89' lang='lat' dir='ltr'>Hiisdem</span> <span class='ocrx_word' id='word_1_255' title='bbox 931 2840 1197 2925; x_wconf 88' lang='lat' dir='ltr'>interrogatoriis</span> <span class='ocrx_word' id='word_1_256' title='bbox 1213 2849 1351 2908; x_wconf 90' lang='lat' dir='ltr'>utantur</span> <span class='ocrx_word' id='word_1_257' title='bbox 1368 2897 1374 2910; x_wconf 93' lang='lat'><em>.</em></span> <span class='ocrx_word' id='word_1_258' title='bbox 1390 2893 1396 2906; x_wconf 91' lang='lat'><strong>.</strong></span> <span class='ocrx_word' id='word_1_259' title='bbox 1415 2841 1656 2908; x_wconf 88' lang='lat' dir='ltr'>examinatores</span> <span class='ocrx_word' id='word_1_260' title='bbox 1673 2861 1772 2925; x_wconf 88' lang='lat' dir='ltr'>super</span> <span class='ocrx_word' id='word_1_261' title='bbox 1788 2861 1882 2924; x_wconf 88' lang='lat' dir='ltr'>nono,</span> <span class='ocrx_word' id='word_1_262' title='bbox 1908 2841 2041 2922; x_wconf 80' lang='lat' dir='ltr'>decimo,</span> 
     </span>
     <span class='ocr_line' id='line_1_25' title="bbox 390 2947 2042 3035; baseline -0.003 -18"><span class='ocrx_word' id='word_1_263' title='bbox 390 2950 570 3030; x_wconf 88' lang='lat' dir='ltr'>undecimo,</span> <span class='ocrx_word' id='word_1_264' title='bbox 597 2948 785 3016; x_wconf 89' lang='lat' dir='ltr'>duodecimo</span> <span class='ocrx_word' id='word_1_265' title='bbox 810 2955 843 3014; x_wconf 93' lang='lat' dir='ltr'>et</span> <span class='ocrx_word' id='word_1_266' title='bbox 867 2947 1095 3016; x_wconf 85' lang='lat' dir='ltr'>terciodecimo</span> <span class='ocrx_word' id='word_1_267' title='bbox 1121 2947 1279 3016; x_wconf 82' lang='lat' dir='ltr'>articulis</span> <span class='ocrx_word' id='word_1_268' title='bbox 1330 2949 1385 3035; x_wconf 76' lang='lat'>14)</span> <span class='ocrx_word' id='word_1_269' title='bbox 1407 2948 1491 3014; x_wconf 88' lang='lat' dir='ltr'>Item</span> <span class='ocrx_word' id='word_1_270' title='bbox 1516 2968 1614 3032; x_wconf 92' lang='lat' dir='ltr'>super</span> <span class='ocrx_word' id='word_1_271' title='bbox 1630 2949 1874 3031; x_wconf 88' lang='lat' dir='ltr'>quartodecimo</span> <span class='ocrx_word' id='word_1_272' title='bbox 1891 2947 2042 3021; x_wconf 77' lang='lat' dir='ltr'>articulo,</span> 
     </span>
     <span class='ocr_line' id='line_1_26' title="bbox 391 3041 2043 3140; baseline -0.004 -15"><span class='ocrx_word' id='word_1_273' title='bbox 391 3059 420 3125; x_wconf 91' lang='lat' dir='ltr'>si</span> <span class='ocrx_word' id='word_1_274' title='bbox 449 3057 545 3124; x_wconf 88' lang='lat' dir='ltr'>testis</span> <span class='ocrx_word' id='word_1_275' title='bbox 577 3041 666 3137; x_wconf 87' lang='lat' dir='ltr'>dicit,</span> <span class='ocrx_word' id='word_1_276' title='bbox 693 3076 764 3122; x_wconf 92' lang='lat' dir='ltr'>eum</span> <span class='ocrx_word' id='word_1_277' title='bbox 793 3075 865 3122; x_wconf 91' lang='lat' dir='ltr'>esse</span> <span class='ocrx_word' id='word_1_278' title='bbox 889 3075 1011 3137; x_wconf 89' lang='lat' dir='ltr'>verum,</span> <span class='ocrx_word' id='word_1_279' title='bbox 1036 3061 1204 3138; x_wconf 78' lang='lat' dir='ltr'>queratur,</span> <span class='ocrx_word' id='word_1_280' title='bbox 1230 3076 1273 3122; x_wconf 90' lang='lat' dir='ltr'>an</span> <span class='ocrx_word' id='word_1_281' title='bbox 1297 3055 1436 3122; x_wconf 87' lang='lat' dir='ltr'>ecclesia</span> <span class='ocrx_word' id='word_1_282' title='bbox 1460 3062 1576 3122; x_wconf 88' lang='lat' dir='ltr'>sancte</span> <span class='ocrx_word' id='word_1_283' title='bbox 1599 3055 1705 3123; x_wconf 85' lang='lat' dir='ltr'>Maria</span> <span class='ocrx_word' id='word_1_284' title='bbox 1729 3077 1769 3122; x_wconf 91' lang='lat' dir='ltr'>ec</span> <span class='ocrx_word' id='word_1_285' title='bbox 1792 3055 1884 3122; x_wconf 89' lang='lat' dir='ltr'>beati</span> <span class='ocrx_word' id='word_1_286' title='bbox 1908 3053 2043 3140; x_wconf 81' lang='lat' dir='ltr'>Georgii</span> 
     </span>
     <span class='ocr_line' id='line_1_27' title="bbox 391 3155 2044 3247; baseline -0.004 -15"><span class='ocrx_word' id='word_1_287' title='bbox 391 3185 485 3247; x_wconf 83' lang='lat' dir='ltr'>nunc,</span> <span class='ocrx_word' id='word_1_288' title='bbox 512 3184 552 3230; x_wconf 87' lang='lat' dir='ltr'>ex</span> <span class='ocrx_word' id='word_1_289' title='bbox 582 3183 645 3245; x_wconf 92' lang='lat' dir='ltr'>quo</span> <span class='ocrx_word' id='word_1_290' title='bbox 676 3160 770 3229; x_wconf 86' lang='lat' dir='ltr'>facte</span> <span class='ocrx_word' id='word_1_291' title='bbox 799 3168 850 3228; x_wconf 91' lang='lat' dir='ltr'>est</span> <span class='ocrx_word' id='word_1_292' title='bbox 880 3155 1066 3247; x_wconf 86' lang='lat' dir='ltr'>collegiata,</span> <span class='ocrx_word' id='word_1_293' title='bbox 1092 3168 1245 3229; x_wconf 83' lang='lat' dir='ltr'>teneatur</span> <span class='ocrx_word' id='word_1_294' title='bbox 1275 3181 1407 3230; x_wconf 86' lang='lat' dir='ltr'>cessare</span> <span class='ocrx_word' id='word_1_295' title='bbox 1423 3163 1479 3227; x_wconf 87' lang='lat' dir='ltr'>ab</span> <span class='ocrx_word' id='word_1_296' title='bbox 1504 3161 1606 3229; x_wconf 89' lang='lat' dir='ltr'>officio</span> <span class='ocrx_word' id='word_1_297' title='bbox 1630 3163 1728 3229; x_wconf 90' lang='lat' dir='ltr'>misse</span> <span class='ocrx_word' id='word_1_298' title='bbox 1744 3162 1964 3244; x_wconf 87' lang='lat' dir='ltr'>illisdiebus,</span> <span class='ocrx_word' id='word_1_299' title='bbox 1989 3159 2044 3242; x_wconf 91' lang='lat' dir='ltr'>qui</span> 
     </span>
     <span class='ocr_line' id='line_1_28' title="bbox 389 3267 2043 3352; baseline -0.002 -15"><span class='ocrx_word' id='word_1_300' title='bbox 389 3273 423 3338; x_wconf 93' lang='lat' dir='ltr'>in</span> <span class='ocrx_word' id='word_1_301' title='bbox 447 3269 587 3339; x_wconf 91' lang='lat' dir='ltr'>articulo</span> <span class='ocrx_word' id='word_1_302' title='bbox 611 3268 829 3350; x_wconf 81' lang='lat' dir='ltr'>continentur,</span> <span class='ocrx_word' id='word_1_303' title='bbox 855 3267 942 3336; x_wconf 89' lang='lat' dir='ltr'>sicut</span> <span class='ocrx_word' id='word_1_304' title='bbox 965 3269 1109 3336; x_wconf 86' lang='lat' dir='ltr'>cessavit</span> <span class='ocrx_word' id='word_1_305' title='bbox 1125 3278 1213 3351; x_wconf 87' lang='lat' dir='ltr'>tunc,</span> <span class='ocrx_word' id='word_1_306' title='bbox 1239 3271 1368 3352; x_wconf 87' lang='lat' dir='ltr'>quando</span> <span class='ocrx_word' id='word_1_307' title='bbox 1385 3268 1450 3336; x_wconf 90' lang='lat' dir='ltr'>luit</span> <span class='ocrx_word' id='word_1_308' title='bbox 1466 3269 1603 3352; x_wconf 79' lang='lat' dir='ltr'>capella,</span> <span class='ocrx_word' id='word_1_309' title='bbox 1629 3275 1663 3335; x_wconf 92' lang='lat' dir='ltr'>et</span> <span class='ocrx_word' id='word_1_310' title='bbox 1678 3277 1788 3335; x_wconf 89' lang='lat' dir='ltr'>utrum</span> <span class='ocrx_word' id='word_1_311' title='bbox 1803 3268 1882 3336; x_wconf 87' lang='lat' dir='ltr'>telis</span> <span class='ocrx_word' id='word_1_312' title='bbox 1899 3267 2043 3334; x_wconf 82' lang='lat' dir='ltr'>cessatio</span> 
     </span>
     <span class='ocr_line' id='line_1_29' title="bbox 388 3374 2043 3462; baseline -0.004 -17"><span class='ocrx_word' id='word_1_313' title='bbox 388 3377 459 3445; x_wconf 87' lang='lat' dir='ltr'>lieri</span> <span class='ocrx_word' id='word_1_314' title='bbox 489 3378 596 3445; x_wconf 85' lang='lat' dir='ltr'>soleat</span> <span class='ocrx_word' id='word_1_315' title='bbox 623 3377 657 3442; x_wconf 91' lang='lat' dir='ltr'>in</span> <span class='ocrx_word' id='word_1_316' title='bbox 689 3376 809 3442; x_wconf 92' lang='lat' dir='ltr'>ceteris</span> <span class='ocrx_word' id='word_1_317' title='bbox 839 3376 988 3444; x_wconf 89' lang='lat' dir='ltr'>ecclesiis</span> <span class='ocrx_word' id='word_1_318' title='bbox 1020 3376 1204 3460; x_wconf 86' lang='lat' dir='ltr'>collegiatis</span> <span class='ocrx_word' id='word_1_319' title='bbox 1229 3375 1375 3444; x_wconf 88' lang='lat' dir='ltr'>civitatis</span> <span class='ocrx_word' id='word_1_320' title='bbox 1400 3381 1435 3444; x_wconf 89' lang='lat' dir='ltr'>et</span> <span class='ocrx_word' id='word_1_321' title='bbox 1457 3378 1610 3460; x_wconf 81' lang='lat' dir='ltr'>dyocesis</span> <span class='ocrx_word' id='word_1_322' title='bbox 1633 3375 1839 3462; x_wconf 87' lang='lat' dir='ltr'>Moguntine;</span> <span class='ocrx_word' id='word_1_323' title='bbox 1865 3382 1900 3442; x_wconf 93' lang='lat' dir='ltr'>et</span> <span class='ocrx_word' id='word_1_324' title='bbox 1923 3374 2043 3445; x_wconf 87' lang='lat' dir='ltr'>eisdem</span> 
     </span>
     <span class='ocr_line' id='line_1_30' title="bbox 390 3483 2044 3569; baseline -0.002 -19"><span class='ocrx_word' id='word_1_325' title='bbox 390 3483 657 3569; x_wconf 78' lang='lat' dir='ltr'>interrogatoris</span> <span class='ocrx_word' id='word_1_326' title='bbox 693 3489 830 3549; x_wconf 89' lang='lat' dir='ltr'>utantur</span> <span class='ocrx_word' id='word_1_327' title='bbox 865 3483 1107 3551; x_wconf 84' lang='lat' dir='ltr'>examinatores</span> <span class='ocrx_word' id='word_1_328' title='bbox 1142 3503 1241 3566; x_wconf 89' lang='lat' dir='ltr'>super</span> <span class='ocrx_word' id='word_1_329' title='bbox 1271 3484 1430 3568; x_wconf 80' lang='lat'>(15-17)</span> <span class='ocrx_word' id='word_1_330' title='bbox 1461 3483 1718 3565; x_wconf 89' lang='lat' dir='ltr'>quintodecimo,</span> <span class='ocrx_word' id='word_1_331' title='bbox 1754 3483 1975 3550; x_wconf 89' lang='lat' dir='ltr'>sextodecimo</span> <span class='ocrx_word' id='word_1_332' title='bbox 2011 3489 2044 3548; x_wconf 89' lang='lat' dir='ltr'>et</span> 
     </span>
     <span class='ocr_line' id='line_1_31' title="bbox 391 3589 2045 3677; baseline -0.002 -19"><span class='ocrx_word' id='word_1_333' title='bbox 391 3590 654 3674; x_wconf 89' lang='lat' dir='ltr'>septimodecimo</span> <span class='ocrx_word' id='word_1_334' title='bbox 680 3589 829 3656; x_wconf 89' lang='lat' dir='ltr'>articulis</span> <span class='ocrx_word' id='word_1_335' title='bbox 854 3590 1137 3672; x_wconf 86' lang='lat' dir='ltr'>consequentibus</span> <span class='ocrx_word' id='word_1_336' title='bbox 1191 3590 1333 3677; x_wconf 85' lang='lat'>18—19)</span> <span class='ocrx_word' id='word_1_337' title='bbox 1362 3591 1446 3658; x_wconf 88' lang='lat' dir='ltr'>Item</span> <span class='ocrx_word' id='word_1_338' title='bbox 1471 3610 1570 3672; x_wconf 91' lang='lat' dir='ltr'>super</span> <span class='ocrx_word' id='word_1_339' title='bbox 1594 3590 1839 3658; x_wconf 82' lang='lat' dir='ltr'>decimooctavo</span> <span class='ocrx_word' id='word_1_340' title='bbox 1856 3599 1889 3656; x_wconf 88' lang='lat' dir='ltr'>et</span> <span class='ocrx_word' id='word_1_341' title='bbox 1906 3589 2045 3658; x_wconf 92' lang='lat' dir='ltr'>decimo·</span> 
     </span>
     <span class='ocr_line' id='line_1_32' title="bbox 390 3695 2043 3779; baseline -0.001 -15"><span class='ocrx_word' id='word_1_342' title='bbox 390 3718 475 3766; x_wconf 92' lang='lat' dir='ltr'>nono</span> <span class='ocrx_word' id='word_1_343' title='bbox 506 3697 665 3777; x_wconf 90' lang='lat' dir='ltr'>articulis,</span> <span class='ocrx_word' id='word_1_344' title='bbox 691 3697 719 3762; x_wconf 90' lang='lat' dir='ltr'>si</span> <span class='ocrx_word' id='word_1_345' title='bbox 750 3696 847 3764; x_wconf 90' lang='lat' dir='ltr'>testis</span> <span class='ocrx_word' id='word_1_346' title='bbox 878 3697 1075 3763; x_wconf 85' lang='lat' dir='ltr'>confiteatur</span> <span class='ocrx_word' id='word_1_347' title='bbox 1105 3717 1161 3763; x_wconf 91' lang='lat' dir='ltr'>eos</span> <span class='ocrx_word' id='word_1_348' title='bbox 1192 3703 1250 3762; x_wconf 90' lang='lat' dir='ltr'>aut</span> <span class='ocrx_word' id='word_1_349' title='bbox 1281 3695 1420 3763; x_wconf 92' lang='lat' dir='ltr'>alterum</span> <span class='ocrx_word' id='word_1_350' title='bbox 1451 3717 1573 3779; x_wconf 90' lang='lat' dir='ltr'>eorum,</span> <span class='ocrx_word' id='word_1_351' title='bbox 1599 3703 1767 3779; x_wconf 84' lang='lat' dir='ltr'>queratur,</span> <span class='ocrx_word' id='word_1_352' title='bbox 1793 3697 1921 3779; x_wconf 91' lang='lat' dir='ltr'>qualem</span> <span class='ocrx_word' id='word_1_353' title='bbox 1945 3696 2043 3768; x_wconf 85' lang='lat' dir='ltr'>iuris-</span> 
     </span>
     <span class='ocr_line' id='line_1_33' title="bbox 391 3803 2044 3886; baseline -0.002 -15"><span class='ocrx_word' id='word_1_354' title='bbox 391 3805 566 3873; x_wconf 91' lang='lat' dir='ltr'>dictionem</span> <span class='ocrx_word' id='word_1_355' title='bbox 596 3805 720 3870; x_wconf 86' lang='lat' dir='ltr'>habeat</span> <span class='ocrx_word' id='word_1_356' title='bbox 750 3803 938 3886; x_wconf 86' lang='lat' dir='ltr'>prepositus</span> <span class='ocrx_word' id='word_1_357' title='bbox 969 3803 1078 3870; x_wconf 89' lang='lat' dir='ltr'>sancti</span> <span class='ocrx_word' id='word_1_358' title='bbox 1109 3803 1332 3870; x_wconf 88' lang='lat' dir='ltr'>Bartholomei</span> <span class='ocrx_word' id='word_1_359' title='bbox 1362 3804 1396 3869; x_wconf 91' lang='lat' dir='ltr'>in</span> <span class='ocrx_word' id='word_1_360' title='bbox 1428 3806 1588 3886; x_wconf 89' lang='lat' dir='ltr'>prelatos,</span> <span class='ocrx_word' id='word_1_361' title='bbox 1620 3804 1806 3886; x_wconf 85' lang='lat' dir='ltr'>canonicos,</span> <span class='ocrx_word' id='word_1_362' title='bbox 1838 3803 1980 3870; x_wconf 74' lang='lat' dir='ltr'>vicenos</span> <span class='ocrx_word' id='word_1_363' title='bbox 2010 3809 2044 3868; x_wconf 87' lang='lat' dir='ltr'>et</span> 
     </span>
     <span class='ocr_line' id='line_1_34' title="bbox 391 3908 2042 3994; baseline -0.002 -15"><span class='ocrx_word' id='word_1_364' title='bbox 391 3912 475 3979; x_wconf 89' lang='lat' dir='ltr'>alias</span> <span class='ocrx_word' id='word_1_365' title='bbox 498 3929 657 3994; x_wconf 88' lang='lat' dir='ltr'>personas</span> <span class='ocrx_word' id='word_1_366' title='bbox 681 3910 817 3977; x_wconf 88' lang='lat' dir='ltr'>ecclesie</span> <span class='ocrx_word' id='word_1_367' title='bbox 842 3917 957 3976; x_wconf 88' lang='lat' dir='ltr'>sancte</span> <span class='ocrx_word' id='word_1_368' title='bbox 981 3911 1086 3977; x_wconf 90' lang='lat' dir='ltr'>Marie</span> <span class='ocrx_word' id='word_1_369' title='bbox 1111 3917 1144 3976; x_wconf 92' lang='lat' dir='ltr'>et</span> <span class='ocrx_word' id='word_1_370' title='bbox 1167 3909 1259 3976; x_wconf 91' lang='lat' dir='ltr'>beati</span> <span class='ocrx_word' id='word_1_371' title='bbox 1275 3910 1409 3994; x_wconf 84' lang='lat' dir='ltr'>Georgii</span> <span class='ocrx_word' id='word_1_372' title='bbox 1434 3912 1625 3994; x_wconf 87' lang='lat' dir='ltr'>supradicte</span> <span class='ocrx_word' id='word_1_373' title='bbox 1649 3916 1683 3976; x_wconf 91' lang='lat' dir='ltr'>et</span> <span class='ocrx_word' id='word_1_374' title='bbox 1706 3909 1851 3994; x_wconf 86' lang='lat' dir='ltr'>ipsorum</span> <span class='ocrx_word' id='word_1_375' title='bbox 1874 3908 2042 3991; x_wconf 83' lang='lat' dir='ltr'>familiam,</span> 
     </span>
     <span class='ocr_line' id='line_1_35' title="bbox 334 4015 2043 4101; baseline -0.002 -17"><span class='ocrx_word' id='word_1_376' title='bbox 334 4085 338 4096; x_wconf 82' lang='grc'>,</span> <span class='ocrx_word' id='word_1_377' title='bbox 392 4025 425 4086; x_wconf 90' lang='lat' dir='ltr'>et</span> <span class='ocrx_word' id='word_1_378' title='bbox 455 4018 611 4100; x_wconf 91' lang='lat' dir='ltr'>numquid</span> <span class='ocrx_word' id='word_1_379' title='bbox 640 4017 674 4084; x_wconf 89' lang='lat' dir='ltr'>in</span> <span class='ocrx_word' id='word_1_380' title='bbox 701 4016 838 4084; x_wconf 88' lang='lat' dir='ltr'>civitate</span> <span class='ocrx_word' id='word_1_381' title='bbox 862 4023 896 4082; x_wconf 91' lang='lat' dir='ltr'>et</span> <span class='ocrx_word' id='word_1_382' title='bbox 919 4019 1053 4100; x_wconf 83' lang='lat' dir='ltr'>dyocesi</span> <span class='ocrx_word' id='word_1_383' title='bbox 1075 4016 1271 4101; x_wconf 84' lang='lat' dir='ltr'>Mogentino</span> <span class='ocrx_word' id='word_1_384' title='bbox 1295 4017 1481 4099; x_wconf 88' lang='lat' dir='ltr'>prepositus</span> <span class='ocrx_word' id='word_1_385' title='bbox 1505 4017 1601 4084; x_wconf 90' lang='lat' dir='ltr'>unius</span> <span class='ocrx_word' id='word_1_386' title='bbox 1625 4017 1762 4084; x_wconf 88' lang='lat' dir='ltr'>ecclesie</span> <span class='ocrx_word' id='word_1_387' title='bbox 1784 4015 2043 4086; x_wconf 87' lang='lat' dir='ltr'>iurisdictionem</span> 
     </span>
     <span class='ocr_line' id='line_1_36' title="bbox 391 4122 2044 4209; baseline -0.002 -19"><span class='ocrx_word' id='word_1_388' title='bbox 391 4125 514 4192; x_wconf 88' lang='lat' dir='ltr'>habeat</span> <span class='ocrx_word' id='word_1_389' title='bbox 543 4125 576 4190; x_wconf 91' lang='lat' dir='ltr'>in</span> <span class='ocrx_word' id='word_1_390' title='bbox 600 4143 759 4208; x_wconf 90' lang='lat' dir='ltr'>personas</span> <span class='ocrx_word' id='word_1_391' title='bbox 783 4122 920 4190; x_wconf 88' lang='lat' dir='ltr'>alterius</span> <span class='ocrx_word' id='word_1_392' title='bbox 945 4123 1082 4190; x_wconf 89' lang='lat' dir='ltr'>ecclesie</span> <span class='ocrx_word' id='word_1_393' title='bbox 1106 4123 1279 4207; x_wconf 86' lang='lat' dir='ltr'>collegiate</span> <span class='ocrx_word' id='word_1_394' title='bbox 1302 4123 1367 4205; x_wconf 93' lang='lat' dir='ltr'>ipsi</span> <span class='ocrx_word' id='word_1_395' title='bbox 1391 4123 1558 4206; x_wconf 86' lang='lat' dir='ltr'>preposito</span> <span class='ocrx_word' id='word_1_396' title='bbox 1583 4144 1647 4190; x_wconf 92' lang='lat' dir='ltr'>non</span> <span class='ocrx_word' id='word_1_397' title='bbox 1672 4124 1830 4191; x_wconf 81' lang='lat' dir='ltr'>subiecta.</span> <span class='ocrx_word' id='word_1_398' title='bbox 1878 4125 2044 4209; x_wconf 84' lang='lat' dir='ltr'>Queratur</span> 
     </span>
     <span class='ocr_line' id='line_1_37' title="bbox 392 4229 2042 4314; baseline -0.001 -16"><span class='ocrx_word' id='word_1_399' title='bbox 392 4232 502 4314; x_wconf 88' lang='lat' dir='ltr'>etiam,</span> <span class='ocrx_word' id='word_1_400' title='bbox 527 4231 623 4313; x_wconf 90' lang='lat' dir='ltr'>quale</span> <span class='ocrx_word' id='word_1_401' title='bbox 652 4231 704 4298; x_wconf 88' lang='lat' dir='ltr'>ius</span> <span class='ocrx_word' id='word_1_402' title='bbox 735 4229 877 4297; x_wconf 90' lang='lat' dir='ltr'>ecclesia</span> <span class='ocrx_word' id='word_1_403' title='bbox 904 4231 1011 4298; x_wconf 88' lang='lat' dir='ltr'>sancti</span> <span class='ocrx_word' id='word_1_404' title='bbox 1034 4229 1258 4298; x_wconf 90' lang='lat' dir='ltr'>Bartholomei</span> <span class='ocrx_word' id='word_1_405' title='bbox 1284 4231 1408 4297; x_wconf 90' lang='lat' dir='ltr'>babeat</span> <span class='ocrx_word' id='word_1_406' title='bbox 1430 4231 1463 4296; x_wconf 91' lang='lat' dir='ltr'>in</span> <span class='ocrx_word' id='word_1_407' title='bbox 1488 4231 1628 4297; x_wconf 87' lang='lat' dir='ltr'>ecclesia</span> <span class='ocrx_word' id='word_1_408' title='bbox 1651 4238 1766 4298; x_wconf 87' lang='lat' dir='ltr'>sancte</span> <span class='ocrx_word' id='word_1_409' title='bbox 1790 4229 1906 4311; x_wconf 83' lang='lat' dir='ltr'>Maria,</span> <span class='ocrx_word' id='word_1_410' title='bbox 1931 4249 1972 4298; x_wconf 85' lang='lat' dir='ltr'>ex</span> <span class='ocrx_word' id='word_1_411' title='bbox 1996 4248 2042 4306; x_wconf 82' lang='lat' dir='ltr'>eo,</span> 
     </span>
     <span class='ocr_line' id='line_1_38' title="bbox 391 4335 2044 4421; baseline -0.002 -17"><span class='ocrx_word' id='word_1_412' title='bbox 391 4339 469 4421; x_wconf 90' lang='lat' dir='ltr'>quia</span> <span class='ocrx_word' id='word_1_413' title='bbox 497 4339 531 4405; x_wconf 91' lang='lat' dir='ltr'>in</span> <span class='ocrx_word' id='word_1_414' title='bbox 560 4337 707 4404; x_wconf 90' lang='lat' dir='ltr'>terminis</span> <span class='ocrx_word' id='word_1_415' title='bbox 731 4337 904 4420; x_wconf 89' lang='lat' dir='ltr'>parrochie</span> <span class='ocrx_word' id='word_1_416' title='bbox 928 4356 986 4402; x_wconf 93' lang='lat' dir='ltr'>sue</span> <span class='ocrx_word' id='word_1_417' title='bbox 1010 4345 1061 4404; x_wconf 89' lang='lat' dir='ltr'>est</span> <span class='ocrx_word' id='word_1_418' title='bbox 1085 4337 1221 4418; x_wconf 87' lang='lat' dir='ltr'>situata,</span> <span class='ocrx_word' id='word_1_419' title='bbox 1247 4346 1281 4403; x_wconf 87' lang='lat' dir='ltr'>et</span> <span class='ocrx_word' id='word_1_420' title='bbox 1304 4337 1459 4419; x_wconf 89' lang='lat' dir='ltr'>numquid</span> <span class='ocrx_word' id='word_1_421' title='bbox 1481 4338 1555 4421; x_wconf 87' lang='lat' dir='ltr'>ipsa</span> <span class='ocrx_word' id='word_1_422' title='bbox 1579 4337 1719 4404; x_wconf 90' lang='lat' dir='ltr'>ecclesia</span> <span class='ocrx_word' id='word_1_423' title='bbox 1743 4342 1858 4403; x_wconf 90' lang='lat' dir='ltr'>sancte</span> <span class='ocrx_word' id='word_1_424' title='bbox 1881 4335 1988 4404; x_wconf 84' lang='lat' dir='ltr'>Mario</span> <span class='ocrx_word' id='word_1_425' title='bbox 2012 4341 2044 4401; x_wconf 91' lang='lat' dir='ltr'>et</span> 
     </span>
     <span class='ocr_line' id='line_1_39' title="bbox 391 4441 2044 4528; baseline -0.002 -18"><span class='ocrx_word' id='word_1_426' title='bbox 391 4445 481 4512; x_wconf 90' lang='lat' dir='ltr'>beati</span> <span class='ocrx_word' id='word_1_427' title='bbox 497 4444 641 4528; x_wconf 78' lang='lat' dir='ltr'>Georgii,</span> <span class='ocrx_word' id='word_1_428' title='bbox 667 4465 704 4510; x_wconf 88' lang='lat' dir='ltr'>eo</span> <span class='ocrx_word' id='word_1_429' title='bbox 727 4444 799 4526; x_wconf 87' lang='lat' dir='ltr'>ipso</span> <span class='ocrx_word' id='word_1_430' title='bbox 823 4446 909 4524; x_wconf 94' lang='lat' dir='ltr'>quod</span> <span class='ocrx_word' id='word_1_431' title='bbox 932 4443 1080 4510; x_wconf 90' lang='lat' dir='ltr'>dominus</span> <span class='ocrx_word' id='word_1_432' title='bbox 1105 4443 1370 4527; x_wconf 89' lang='lat' dir='ltr'>archiepiscopus</span> <span class='ocrx_word' id='word_1_433' title='bbox 1385 4443 1610 4528; x_wconf 86' lang='lat' dir='ltr'>Moguntinus,</span> <span class='ocrx_word' id='word_1_434' title='bbox 1635 4442 1690 4525; x_wconf 91' lang='lat' dir='ltr'>qui</span> <span class='ocrx_word' id='word_1_435' title='bbox 1713 4444 1774 4509; x_wconf 92' lang='lat' dir='ltr'>hoc</span> <span class='ocrx_word' id='word_1_436' title='bbox 1790 4445 1830 4512; x_wconf 87' lang='lat' dir='ltr'>de</span> <span class='ocrx_word' id='word_1_437' title='bbox 1845 4442 1917 4509; x_wconf 89' lang='lat' dir='ltr'>iure</span> <span class='ocrx_word' id='word_1_438' title='bbox 1933 4441 2044 4511; x_wconf 76' lang='lat' dir='ltr'>iacere</span> 
     </span>
     <span class='ocr_line' id='line_1_40' title="bbox 393 4547 2043 4635; baseline -0.003 -17"><span class='ocrx_word' id='word_1_439' title='bbox 393 4550 509 4634; x_wconf 86' lang='lat' dir='ltr'>potnit,</span> <span class='ocrx_word' id='word_1_440' title='bbox 536 4571 608 4618; x_wconf 88' lang='lat' dir='ltr'>eam</span> <span class='ocrx_word' id='word_1_441' title='bbox 639 4550 847 4635; x_wconf 88' lang='lat' dir='ltr'>collegiatam</span> <span class='ocrx_word' id='word_1_442' title='bbox 876 4547 967 4632; x_wconf 89' lang='lat' dir='ltr'>lecit,</span> <span class='ocrx_word' id='word_1_443' title='bbox 992 4570 1013 4616; x_wconf 92' lang='lat' dir='ltr'>a</span> <span class='ocrx_word' id='word_1_444' title='bbox 1035 4549 1260 4616; x_wconf 89' lang='lat' dir='ltr'>iurisdictione</span> <span class='ocrx_word' id='word_1_445' title='bbox 1292 4551 1452 4633; x_wconf 87' lang='lat' dir='ltr'>prepositi</span> <span class='ocrx_word' id='word_1_446' title='bbox 1482 4558 1516 4617; x_wconf 92' lang='lat' dir='ltr'>et</span> <span class='ocrx_word' id='word_1_447' title='bbox 1546 4552 1587 4616; x_wconf 92' lang='lat' dir='ltr'>ab</span> <span class='ocrx_word' id='word_1_448' title='bbox 1619 4550 1705 4616; x_wconf 91' lang='lat' dir='ltr'>omni</span> <span class='ocrx_word' id='word_1_449' title='bbox 1735 4550 1806 4616; x_wconf 90' lang='lat' dir='ltr'>iure</span> <span class='ocrx_word' id='word_1_450' title='bbox 1830 4548 2043 4618; x_wconf 86' lang='lat' dir='ltr'>subiectionis</span> 
     </span>
     <span class='ocr_line' id='line_1_41' title="bbox 393 4655 2044 4742; baseline -0.004 -16"><span class='ocrx_word' id='word_1_451' title='bbox 393 4659 529 4726; x_wconf 88' lang='lat' dir='ltr'>ecclesie</span> <span class='ocrx_word' id='word_1_452' title='bbox 560 4664 594 4724; x_wconf 90' lang='lat' dir='ltr'>et</span> <span class='ocrx_word' id='word_1_453' title='bbox 624 4657 797 4741; x_wconf 88' lang='lat' dir='ltr'>parrochie</span> <span class='ocrx_word' id='word_1_454' title='bbox 828 4657 937 4724; x_wconf 87' lang='lat' dir='ltr'>sancti</span> <span class='ocrx_word' id='word_1_455' title='bbox 960 4657 1182 4724; x_wconf 74' lang='lat' dir='ltr'>bartholomei</span> <span class='ocrx_word' id='word_1_456' title='bbox 1213 4664 1366 4739; x_wconf 89' lang='lat' dir='ltr'>exempta</span> <span class='ocrx_word' id='word_1_457' title='bbox 1395 4655 1499 4724; x_wconf 86' lang='lat' dir='ltr'>fuerit</span> <span class='ocrx_word' id='word_1_458' title='bbox 1527 4657 1599 4740; x_wconf 88' lang='lat' dir='ltr'>ipso</span> <span class='ocrx_word' id='word_1_459' title='bbox 1628 4657 1709 4725; x_wconf 91' lang='lat' dir='ltr'>iure.</span> <span class='ocrx_word' id='word_1_460' title='bbox 1757 4657 1814 4742; x_wconf 82' lang='lat'>20)</span> <span class='ocrx_word' id='word_1_461' title='bbox 1836 4657 1923 4722; x_wconf 90' lang='lat' dir='ltr'>Item</span> <span class='ocrx_word' id='word_1_462' title='bbox 1945 4675 2044 4737; x_wconf 91' lang='lat' dir='ltr'>super</span> 
     </span>
     <span class='ocr_line' id='line_1_42' title="bbox 392 4761 2043 4846; baseline -0.003 -15"><span class='ocrx_word' id='word_1_463' title='bbox 392 4764 547 4831; x_wconf 87' lang='lat' dir='ltr'>vicesimo</span> <span class='ocrx_word' id='word_1_464' title='bbox 572 4765 712 4832; x_wconf 89' lang='lat' dir='ltr'>articulo</span> <span class='ocrx_word' id='word_1_465' title='bbox 736 4764 769 4830; x_wconf 90' lang='lat' dir='ltr'>in</span> <span class='ocrx_word' id='word_1_466' title='bbox 793 4784 834 4830; x_wconf 92' lang='lat' dir='ltr'>ea</span> <span class='ocrx_word' id='word_1_467' title='bbox 850 4772 955 4846; x_wconf 90' lang='lat' dir='ltr'>parte,</span> <span class='ocrx_word' id='word_1_468' title='bbox 980 4764 1036 4829; x_wconf 92' lang='lat' dir='ltr'>ubi</span> <span class='ocrx_word' id='word_1_469' title='bbox 1057 4764 1097 4830; x_wconf 90' lang='lat' dir='ltr'>de</span> <span class='ocrx_word' id='word_1_470' title='bbox 1114 4764 1364 4830; x_wconf 82' lang='lat' dir='ltr'>consecratione</span> <span class='ocrx_word' id='word_1_471' title='bbox 1380 4763 1536 4845; x_wconf 88' lang='lat' dir='ltr'>baptismi</span> <span class='ocrx_word' id='word_1_472' title='bbox 1552 4761 1634 4830; x_wconf 89' lang='lat' dir='ltr'>lacit</span> <span class='ocrx_word' id='word_1_473' title='bbox 1650 4762 1860 4844; x_wconf 88' lang='lat' dir='ltr'>mencionem,</span> <span class='ocrx_word' id='word_1_474' title='bbox 1886 4768 2043 4843; x_wconf 82' lang='lat' dir='ltr'>queratur</span> 
     </span>
     <span class='ocr_line' id='line_1_43' title="bbox 393 4869 2042 4954; baseline -0.002 -17"><span class='ocrx_word' id='word_1_475' title='bbox 393 4879 532 4954; x_wconf 88' lang='lat' dir='ltr'>ateste,</span> <span class='ocrx_word' id='word_1_476' title='bbox 558 4872 653 4953; x_wconf 91' lang='lat' dir='ltr'>quale</span> <span class='ocrx_word' id='word_1_477' title='bbox 678 4871 891 4954; x_wconf 92' lang='lat' dir='ltr'>preiudicium</span> <span class='ocrx_word' id='word_1_478' title='bbox 914 4870 948 4936; x_wconf 93' lang='lat' dir='ltr'>in</span> <span class='ocrx_word' id='word_1_479' title='bbox 972 4871 1033 4936; x_wconf 94' lang='lat' dir='ltr'>hoc</span> <span class='ocrx_word' id='word_1_480' title='bbox 1056 4871 1115 4936; x_wconf 88' lang='lat' dir='ltr'>liat</span> <span class='ocrx_word' id='word_1_481' title='bbox 1139 4869 1274 4936; x_wconf 87' lang='lat' dir='ltr'>ecclesie</span> <span class='ocrx_word' id='word_1_482' title='bbox 1298 4889 1355 4937; x_wconf 87' lang='lat' dir='ltr'>seu</span> <span class='ocrx_word' id='word_1_483' title='bbox 1380 4871 1553 4952; x_wconf 89' lang='lat' dir='ltr'>parrochie</span> <span class='ocrx_word' id='word_1_484' title='bbox 1577 4869 1685 4936; x_wconf 88' lang='lat' dir='ltr'>saneti</span> <span class='ocrx_word' id='word_1_485' title='bbox 1701 4869 1933 4952; x_wconf 89' lang='lat' dir='ltr'>Bartholomei,</span> <span class='ocrx_word' id='word_1_486' title='bbox 1959 4870 2042 4950; x_wconf 93' lang='lat' dir='ltr'>quod</span> 
     </span>
     <span class='ocr_line' id='line_1_44' title="bbox 393 4973 2041 5062; baseline -0.002 -19"><span class='ocrx_word' id='word_1_487' title='bbox 393 4979 428 5044; x_wconf 90' lang='lat' dir='ltr'>in</span> <span class='ocrx_word' id='word_1_488' title='bbox 451 4977 574 5062; x_wconf 82' lang='lat' dir='ltr'>vigiliis</span> <span class='ocrx_word' id='word_1_489' title='bbox 598 4978 719 5060; x_wconf 86' lang='lat' dir='ltr'>pasche</span> <span class='ocrx_word' id='word_1_490' title='bbox 744 4984 779 5043; x_wconf 92' lang='lat' dir='ltr'>et</span> <span class='ocrx_word' id='word_1_491' title='bbox 802 4978 1033 5060; x_wconf 89' lang='lat' dir='ltr'>penthecostes</span> <span class='ocrx_word' id='word_1_492' title='bbox 1057 4983 1193 5058; x_wconf 90' lang='lat' dir='ltr'>propter</span> <span class='ocrx_word' id='word_1_493' title='bbox 1216 4973 1375 5042; x_wconf 83' lang='lat' dir='ltr'>festorum</span> <span class='ocrx_word' id='word_1_494' title='bbox 1400 4975 1604 5059; x_wconf 87' lang='lat' dir='ltr'>exigenciam</span> <span class='ocrx_word' id='word_1_495' title='bbox 1629 4981 1663 5041; x_wconf 93' lang='lat' dir='ltr'>et</span> <span class='ocrx_word' id='word_1_496' title='bbox 1678 4975 1778 5041; x_wconf 91' lang='lat' dir='ltr'>ritum</span> <span class='ocrx_word' id='word_1_497' title='bbox 1795 4981 1911 5042; x_wconf 89' lang='lat' dir='ltr'>sancte</span> <span class='ocrx_word' id='word_1_498' title='bbox 1927 4975 2041 5042; x_wconf 86' lang='lat' dir='ltr'>matris</span> 
     </span>
     <span class='ocr_line' id='line_1_45' title="bbox 393 5081 2042 5167; baseline -0.003 -16"><span class='ocrx_word' id='word_1_499' title='bbox 393 5083 590 5152; x_wconf 88' lang='lat' dir='ltr'>universalis</span> <span class='ocrx_word' id='word_1_500' title='bbox 614 5085 750 5152; x_wconf 89' lang='lat' dir='ltr'>ecclesie</span> <span class='ocrx_word' id='word_1_501' title='bbox 774 5084 808 5150; x_wconf 92' lang='lat' dir='ltr'>in</span> <span class='ocrx_word' id='word_1_502' title='bbox 832 5083 982 5167; x_wconf 92' lang='lat' dir='ltr'>predicta</span> <span class='ocrx_word' id='word_1_503' title='bbox 1005 5083 1145 5150; x_wconf 87' lang='lat' dir='ltr'>ecclesia</span> <span class='ocrx_word' id='word_1_504' title='bbox 1167 5090 1282 5149; x_wconf 92' lang='lat' dir='ltr'>sancte</span> <span class='ocrx_word' id='word_1_505' title='bbox 1298 5083 1403 5149; x_wconf 85' lang='lat' dir='ltr'>Marie</span> <span class='ocrx_word' id='word_1_506' title='bbox 1428 5089 1461 5148; x_wconf 91' lang='lat' dir='ltr'>et</span> <span class='ocrx_word' id='word_1_507' title='bbox 1477 5083 1568 5149; x_wconf 91' lang='lat' dir='ltr'>beati</span> <span class='ocrx_word' id='word_1_508' title='bbox 1584 5081 1720 5165; x_wconf 84' lang='lat' dir='ltr'>Georgii</span> <span class='ocrx_word' id='word_1_509' title='bbox 1736 5101 1823 5163; x_wconf 90' lang='lat' dir='ltr'>aqua</span> <span class='ocrx_word' id='word_1_510' title='bbox 1838 5081 2042 5150; x_wconf 88' lang='lat' dir='ltr'>benedicitur</span> 
     </span>
     <span class='ocr_line' id='line_1_46' title="bbox 393 5187 2040 5273; baseline -0.004 -15"><span class='ocrx_word' id='word_1_511' title='bbox 393 5199 428 5258; x_wconf 92' lang='lat' dir='ltr'>et</span> <span class='ocrx_word' id='word_1_512' title='bbox 462 5193 585 5273; x_wconf 89' lang='lat' dir='ltr'>absque</span> <span class='ocrx_word' id='word_1_513' title='bbox 623 5191 787 5259; x_wconf 88' lang='lat' dir='ltr'>crismatis</span> <span class='ocrx_word' id='word_1_514' title='bbox 821 5189 984 5257; x_wconf 88' lang='lat' dir='ltr'>inlusione</span> <span class='ocrx_word' id='word_1_515' title='bbox 1019 5189 1053 5255; x_wconf 90' lang='lat' dir='ltr'>in</span> <span class='ocrx_word' id='word_1_516' title='bbox 1082 5189 1200 5257; x_wconf 86' lang='lat' dir='ltr'>flumen</span> <span class='ocrx_word' id='word_1_517' title='bbox 1230 5188 1385 5258; x_wconf 81' lang='lat' dir='ltr'>alluditur</span> <span class='ocrx_word' id='word_1_518' title='bbox 1415 5208 1475 5255; x_wconf 91' lang='lat' dir='ltr'>nec</span> <span class='ocrx_word' id='word_1_519' title='bbox 1505 5188 1677 5270; x_wconf 87' lang='lat' dir='ltr'>quisquam</span> <span class='ocrx_word' id='word_1_520' title='bbox 1706 5188 1741 5253; x_wconf 92' lang='lat' dir='ltr'>in</span> <span class='ocrx_word' id='word_1_521' title='bbox 1772 5207 1812 5254; x_wconf 88' lang='lat' dir='ltr'>ea</span> <span class='ocrx_word' id='word_1_522' title='bbox 1841 5187 2040 5272; x_wconf 83' lang='lat' dir='ltr'>baptizatur.</span> 
     </span>
     <span class='ocr_line' id='line_1_47' title="bbox 394 5293 2040 5384; baseline -0.003 -20"><span class='ocrx_word' id='word_1_523' title='bbox 394 5301 560 5384; x_wconf 81' lang='lat' dir='ltr'>Queratur</span> <span class='ocrx_word' id='word_1_524' title='bbox 590 5299 703 5382; x_wconf 86' lang='lat' dir='ltr'>eciam,</span> <span class='ocrx_word' id='word_1_525' title='bbox 728 5297 882 5380; x_wconf 86' lang='lat' dir='ltr'>numquid</span> <span class='ocrx_word' id='word_1_526' title='bbox 914 5297 948 5363; x_wconf 92' lang='lat' dir='ltr'>in</span> <span class='ocrx_word' id='word_1_527' title='bbox 978 5297 1097 5382; x_wconf 82' lang='lat' dir='ltr'>ceteris</span> <span class='ocrx_word' id='word_1_528' title='bbox 1128 5296 1274 5362; x_wconf 87' lang='lat' dir='ltr'>ecclesiis</span> <span class='ocrx_word' id='word_1_529' title='bbox 1306 5295 1577 5363; x_wconf 88' lang='lat' dir='ltr'>conventualibus</span> <span class='ocrx_word' id='word_1_530' title='bbox 1609 5305 1642 5361; x_wconf 89' lang='lat' dir='ltr'>et</span> <span class='ocrx_word' id='word_1_531' title='bbox 1666 5293 1873 5378; x_wconf 88' lang='lat' dir='ltr'>regularibus</span> <span class='ocrx_word' id='word_1_532' title='bbox 1897 5293 2040 5360; x_wconf 86' lang='lat' dir='ltr'>civitatis</span> 
     </span>
     <span class='ocr_line' id='line_1_48' title="bbox 394 5399 2041 5489; baseline -0.004 -18"><span class='ocrx_word' id='word_1_533' title='bbox 394 5411 428 5471; x_wconf 89' lang='lat' dir='ltr'>et</span> <span class='ocrx_word' id='word_1_534' title='bbox 458 5405 609 5489; x_wconf 79' lang='lat' dir='ltr'>dyocesis</span> <span class='ocrx_word' id='word_1_535' title='bbox 632 5405 822 5489; x_wconf 86' lang='lat' dir='ltr'>Moguntine</span> <span class='ocrx_word' id='word_1_536' title='bbox 850 5404 935 5471; x_wconf 90' lang='lat' dir='ltr'>rami</span> <span class='ocrx_word' id='word_1_537' title='bbox 965 5404 1156 5486; x_wconf 86' lang='lat' dir='ltr'>palmarum,</span> <span class='ocrx_word' id='word_1_538' title='bbox 1182 5402 1268 5468; x_wconf 90' lang='lat' dir='ltr'>cerei</span> <span class='ocrx_word' id='word_1_539' title='bbox 1299 5409 1333 5468; x_wconf 93' lang='lat' dir='ltr'>et</span> <span class='ocrx_word' id='word_1_540' title='bbox 1361 5403 1463 5469; x_wconf 89' lang='lat' dir='ltr'>herbe</span> <span class='ocrx_word' id='word_1_541' title='bbox 1488 5403 1556 5470; x_wconf 90' lang='lat' dir='ltr'>suis</span> <span class='ocrx_word' id='word_1_542' title='bbox 1580 5400 1783 5484; x_wconf 88' lang='lat' dir='ltr'>temporibus</span> <span class='ocrx_word' id='word_1_543' title='bbox 1805 5399 2041 5467; x_wconf 88' lang='lat' dir='ltr'>benedicantur</span> 
     </span>
     <span class='ocr_line' id='line_1_49' title="bbox 394 5507 2041 5595; baseline -0.004 -16"><span class='ocrx_word' id='word_1_544' title='bbox 394 5518 428 5579; x_wconf 89' lang='lat' dir='ltr'>et</span> <span class='ocrx_word' id='word_1_545' title='bbox 457 5512 612 5594; x_wconf 89' lang='lat' dir='ltr'>numquid</span> <span class='ocrx_word' id='word_1_546' title='bbox 640 5511 748 5578; x_wconf 90' lang='lat' dir='ltr'>omnia</span> <span class='ocrx_word' id='word_1_547' title='bbox 771 5510 909 5595; x_wconf 86' lang='lat' dir='ltr'>collegia</span> <span class='ocrx_word' id='word_1_548' title='bbox 931 5509 1153 5591; x_wconf 89' lang='lat' dir='ltr'>ecclesiarum,</span> <span class='ocrx_word' id='word_1_549' title='bbox 1177 5509 1273 5575; x_wconf 91' lang='lat' dir='ltr'>immo</span> <span class='ocrx_word' id='word_1_550' title='bbox 1297 5515 1330 5575; x_wconf 90' lang='lat' dir='ltr'>et</span> <span class='ocrx_word' id='word_1_551' title='bbox 1354 5509 1590 5576; x_wconf 85' lang='lat' dir='ltr'>universitates</span> <span class='ocrx_word' id='word_1_552' title='bbox 1614 5509 1766 5577; x_wconf 87' lang='lat' dir='ltr'>villarum</span> <span class='ocrx_word' id='word_1_553' title='bbox 1789 5513 1823 5573; x_wconf 94' lang='lat' dir='ltr'>et</span> <span class='ocrx_word' id='word_1_554' title='bbox 1846 5507 2041 5574; x_wconf 89' lang='lat' dir='ltr'>rusticorum</span> 
     </span>
     <span class='ocr_line' id='line_1_50' title="bbox 395 5613 2041 5702; baseline -0.004 -18"><span class='ocrx_word' id='word_1_555' title='bbox 395 5617 494 5685; x_wconf 88' lang='lat' dir='ltr'>certis</span> <span class='ocrx_word' id='word_1_556' title='bbox 525 5618 726 5702; x_wconf 89' lang='lat' dir='ltr'>temporibus</span> <span class='ocrx_word' id='word_1_557' title='bbox 756 5618 914 5699; x_wconf 88' lang='lat' dir='ltr'>reliquias</span> <span class='ocrx_word' id='word_1_558' title='bbox 945 5625 980 5683; x_wconf 91' lang='lat' dir='ltr'>et</span> <span class='ocrx_word' id='word_1_559' title='bbox 1010 5637 1124 5684; x_wconf 88' lang='lat' dir='ltr'>cruces</span> <span class='ocrx_word' id='word_1_560' title='bbox 1154 5635 1232 5682; x_wconf 88' lang='lat' dir='ltr'>sues</span> <span class='ocrx_word' id='word_1_561' title='bbox 1262 5614 1416 5683; x_wconf 86' lang='lat' dir='ltr'>deferant</span> <span class='ocrx_word' id='word_1_562' title='bbox 1439 5636 1498 5698; x_wconf 90' lang='lat' dir='ltr'>per</span> <span class='ocrx_word' id='word_1_563' title='bbox 1521 5615 1677 5681; x_wconf 91' lang='lat' dir='ltr'>terminos</span> <span class='ocrx_word' id='word_1_564' title='bbox 1702 5613 1787 5679; x_wconf 91' lang='lat' dir='ltr'>dicte</span> <span class='ocrx_word' id='word_1_565' title='bbox 1812 5613 1986 5695; x_wconf 86' lang='lat' dir='ltr'>parrochie</span> <span class='ocrx_word' id='word_1_566' title='bbox 2009 5620 2041 5678; x_wconf 88' lang='lat' dir='ltr'>et</span> 
     </span>
     <span class='ocr_line' id='line_1_51' title="bbox 394 5719 2041 5808; baseline -0.004 -18"><span class='ocrx_word' id='word_1_567' title='bbox 394 5725 534 5791; x_wconf 88' lang='lat' dir='ltr'>aliarum</span> <span class='ocrx_word' id='word_1_568' title='bbox 565 5724 823 5808; x_wconf 84' lang='lat' dir='ltr'>parrochiarum,</span> <span class='ocrx_word' id='word_1_569' title='bbox 851 5723 947 5790; x_wconf 93' lang='lat' dir='ltr'>immo</span> <span class='ocrx_word' id='word_1_570' title='bbox 978 5731 1013 5789; x_wconf 91' lang='lat' dir='ltr'>et</span> <span class='ocrx_word' id='word_1_571' title='bbox 1042 5726 1083 5790; x_wconf 91' lang='lat' dir='ltr'>ad</span> <span class='ocrx_word' id='word_1_572' title='bbox 1115 5723 1207 5806; x_wconf 90' lang='lat' dir='ltr'>ipsas</span> <span class='ocrx_word' id='word_1_573' title='bbox 1238 5722 1440 5805; x_wconf 86' lang='lat' dir='ltr'>parrochias,</span> <span class='ocrx_word' id='word_1_574' title='bbox 1466 5741 1527 5803; x_wconf 89' lang='lat' dir='ltr'>que</span> <span class='ocrx_word' id='word_1_575' title='bbox 1559 5729 1668 5787; x_wconf 89' lang='lat' dir='ltr'>tamen</span> <span class='ocrx_word' id='word_1_576' title='bbox 1699 5721 1740 5786; x_wconf 91' lang='lat' dir='ltr'>ob</span> <span class='ocrx_word' id='word_1_577' title='bbox 1770 5721 1831 5785; x_wconf 91' lang='lat' dir='ltr'>hoc</span> <span class='ocrx_word' id='word_1_578' title='bbox 1862 5721 1901 5784; x_wconf 91' lang='lat' dir='ltr'>de</span> <span class='ocrx_word' id='word_1_579' title='bbox 1933 5719 2041 5801; x_wconf 85' lang='lat' dir='ltr'>aliqua</span> 
     </span>
    </p>
   </div>
   <div class='ocr_carea' id='block_1_5' title="bbox 0 0 2213 6402">
    <p class='ocr_par' dir='ltr' id='par_1_5' title="bbox 0 0 2213 6402">
     <span class='ocr_line' id='line_1_52' title="bbox 0 0 2213 6402; baseline 0 0"><span class='ocrx_word' id='word_1_580' title='bbox 0 0 2213 6402; x_wconf 95' lang='lat' dir='ltr'> </span> 
     </span>
    </p>
   </div>
  </div>
 </body>
</html>
