4426 6404
390 349 456 416 504
1070 351 1140 406 1339
1159 351 1306 408 December
1325 352 1367 407 1⁷.

384 542 527 610 iudicum
552 543 638 611 sedis
662 545 820 628 predicte,
845 565 908 628 quo
931 546 1054 613 utimur
1076 545 1111 612 in
1133 548 1196 614 hac
1220 553 1324 630 parte.
1372 551 1468 614 Anno
1492 547 1613 614 domini
1635 547 1676 614 rh.
1700 565 1764 612 ccc.
1783 542 1960 624 XXXIX,
1981 543 2043 612 Ill.

384 649 458 716 idus
482 651 672 718 decembris,

602 791 648 848 Or.
668 794 756 864 Ppmt.
794 793 856 850 Dos
875 795 1052 866 obhanpende
1069 795 1158 866 Siepel
1175 797 1212 852 ist
1229 797 1392 868 obperimen
1430 797 1469 853 st.
1483 798 1517 850 A.
1533 795 1583 850 Fr.
1620 795 1720 850 Barth.
1733 793 1772 849 St.
1792 793 1846 848 No.
1859 793 1961 847 338311.

386 1181 477 1260 682.
503 1192 572 1257 Dor
588 1193 748 1278 Magister
763 1194 797 1258 F
795 1195 927 1262 rectionis
943 1219 1003 1262 oon
1018 1198 1192 1284 Horirrprn,
1211 1198 1382 1280 Professor
1400 1199 1456 1264 der
1471 1199 1623 1281 Modicia,
1647 1197 1751 1264 morht
1773 1199 1841 1262 sein
1858 1196 2045 1262 Testamenti.

505 1305 592 1364 1339
616 1300 783 1366 December
807 1307 859 1367 17.

493 1442 533 1506 In
563 1440 616 1507 dei
646 1449 680 1507 et
709 1443 850 1526 gloriose
880 1445 996 1512 matris
1027 1444 1096 1512 eius
1121 1498 1154 1512 ..
1179 1446 1284 1513 Marie
1309 1445 1450 1530 virginis
1474 1445 1612 1528 nomine,
1637 1466 1742 1514 amen.
1789 1446 1862 1530 Ego
1886 1445 2046 1530 inagister

386 1546 582 1629 Frydancus
599 1551 638 1614 de
656 1549 825 1633 Heringin‚
850 1551 884 1618 in
901 1552 1028 1618 artibus
1044 1553 1202 1636 Pcrysius
1217 1554 1441 1638 licencillatus
1458 1573 1497 1619 ac
1513 1553 1547 1619 in
1563 1561 1636 1619 arte
1652 1552 1811 1620 medicine
1829 1605 1836 1618 .
1852 1606 1858 1618 .
1876 1551 2046 1634 professor

386 1653 716 1736 Montispessnlonus,
740 1657 819 1723 licet
841 1658 980 1740 humilis,
1005 1665 1074 1726 tam
1097 1661 1306 1742 presentibus
1330 1680 1427 1742 quam
1450 1659 1571 1726 iuturis
1596 1660 1690 1742 cupio
1711 1658 1783 1726 fore
1799 1665 1922 1741 notum,
1949 1662 2045 1742 quod,

388 1779 460 1825 cum
490 1761 589 1826 nichil
610 1761 637 1846 ll
659 1762 703 1828 sit
733 1763 860 1830 cercius
891 1773 996 1831 morte
1026 1765 1189 1848 nichilque
1220 1767 1383 1833 incercius
1414 1769 1496 1833 hora
1525 1767 1649 1848 mortis,
1682 1785 1742 1850 ego
1774 1770 1813 1833 de
1843 1766 1989 1832 remedio
2013 1772 2047 1832 et

388 1867 494 1932 salute
514 1868 620 1934 anime
637 1889 706 1935 mee
723 1878 960 1952 parentumque
976 1893 1119 1939 meorum
1137 1894 1176 1940 ac
1193 1873 1346 1956 precipue
1363 1873 1503 1940 omnium
1516 1876 1543 1958 ll
1556 1873 1697 1954 illorum,
1714 1893 1735 1940 a
1750 1872 1869 1955 quibus
1886 1873 2048 1939 beneficio

387 1993 438 2039 me
461 1993 660 2058 recognosco
683 1978 848 2059 recepisse
870 1977 904 2043 in
920 1980 982 2045 hec
999 1980 1078 2062 vita,
1105 1981 1266 2064 cogitans
1292 1987 1324 2046 et
1342 1983 1527 2062 attendens
1553 1984 1639 2062 quod
1655 1981 1888 2063 disposiciones
1904 1981 2047 2046 humane

388 2080 597 2162 perlapsum
621 2083 776 2164 temporis
801 2086 840 2150 de
864 2083 955 2151 facili
976 2087 1011 2152 in
1035 2087 1231 2154 oblivionem
1254 2107 1392 2170 uergere
1409 2087 1524 2170 solent,
1550 2087 1613 2154 nisi
1630 2091 1672 2154 ad
1688 2087 1874 2154 futurorum
1889 2086 2048 2153 noticiam

388 2185 550 2268 scripture
575 2189 757 2270 patrocinio
780 2193 933 2258 memorie
957 2196 1231 2276 commendentur,
1257 2194 1332 2260 hinc
1355 2201 1416 2276 est,
1441 2197 1527 2276 quod
1551 2193 1686 2276 dispono
1711 2201 1744 2260 et
1766 2194 1879 2260 ordino
1894 2194 2047 2259 ultimam

387 2312 491 2358 meam
515 2293 548 2359 in
572 2295 634 2361 hiis
659 2297 791 2379 scriptis
814 2298 1029 2382 voluntatem,
1055 2321 1177 2383 conpos
1196 2307 1304 2367 mente
1321 2307 1355 2366 et
1371 2320 1507 2384 corpore
1525 2305 1564 2367 de
1581 2301 1733 2367 altissimi
1749 2300 1862 2384 gracia
1878 2309 1913 2366 et
1928 2301 2047 2366 matris

388 2399 457 2465 eius
481 2400 631 2484 gloriose,
656 2403 778 2485 volens,
805 2405 960 2472 ordinans
985 2413 1018 2473 et
1042 2407 1242 2490 disponens*
1260 2407 1340 2490 iure,
1366 2411 1510 2474 modoet
1527 2407 1642 2490 forma,
1668 2407 1786 2489 quihus
1801 2407 1917 2472 melius
1933 2408 2048 2474 valere

388 2505 519 2588 poterit,
550 2509 760 2590 perhenniter
790 2515 992 2579 duraturam.
1049 2516 1081 2598 1)
1111 2515 1158 2580 Et
1188 2514 1292 2597 primo
1323 2517 1363 2582 ob
1394 2515 1548 2581 honorem
1579 2521 1613 2580 et
1643 2512 1880 2580 exaltacioncm
1910 2512 2047 2596 gloriosi

387 2612 526 2680 nominis
550 2616 670 2683 domini
694 2619 800 2684 nostri
816 2621 898 2686 Jesu
917 2621 1041 2687 Christi
1064 2620 1198 2703 eiusque
1221 2621 1339 2687 matris
1356 2621 1461 2688 Mario
1484 2619 1623 2706 virginis
1648 2619 1789 2704 gloriose
1813 2638 1852 2686 ac
1875 2619 1998 2686 nobilis
2014 2625 2047 2686 et

388 2719 478 2785 beati
502 2722 724 2790 Bartholomei
748 2727 898 2809 apostoli,
924 2731 966 2793 ed
990 2727 1163 2794 ecclesiam
1189 2781 1221 2796 ..
1247 2728 1355 2794 sancti
1378 2727 1602 2794 Bartholomei
1626 2728 1942 2793 Frankr'nvordensds
1966 2725 2047 2792 inihi

388 2827 529 2908 patroni,
555 2830 679 2912 ordino,
704 2832 778 2916 lego
802 2839 835 2898 et
858 2834 994 2916 dispono
1020 2844 1094 2916 post
1119 2835 1243 2900 obitum
1266 2855 1372 2900 meum
1388 2835 1508 2918 viginti
1524 2854 1582 2901 sex
1599 2834 1720 2902 octalia
1737 2833 1877 2918 siliginis
1893 2852 2046 2900 mensure

387 2934 702 3004 Frankr'aoordcostr
732 2959 791 3020 pro
823 2941 1002 3022 presenciis
1033 2941 1260 3008 distribuenda
1289 2941 1323 3007 in
1354 2940 1439 3008 lesto
1471 2949 1586 3008 sancte
1617 2947 1650 3008 et
1679 2941 1849 3008 individue
1873 2939 2045 3029 trinitatis,

387 3039 506 3107 deinde
535 3041 569 3108 in
600 3045 827 3126 assumpcione
850 3049 948 3114 beate
972 3048 1077 3114 Mario
1102 3048 1239 3130 virginis
1264 3049 1411 3130 predicte
1435 3049 1571 3116 totidem
1595 3049 1716 3115 octelia
1739 3047 1878 3132 siliginis
1902 3047 2047 3114 eiusdem

387 3167 548 3231 mensure,
580 3149 700 3218 festive
731 3160 764 3218 et
795 3155 1018 3237 sollempniter
1042 3159 1248 3239 peragenda,
1274 3157 1353 3222 dicti
1377 3157 1480 3223 eciam
1505 3157 1653 3222 redditus
1677 3156 1711 3221 in
1733 3156 1814 3222 locis
1838 3162 1873 3221 et
1896 3155 2045 3221 terminis

387 3254 530 3321 locorum
569 3265 647 3322 sunt
684 3259 753 3342 siti,
793 3269 891 3342 prout
922 3262 957 3328 in
987 3262 1100 3328 litteris
1135 3282 1192 3328 seu
1225 3263 1259 3329 in
1288 3263 1517 3330 instrumentis
1550 3267 1691 3346 desuper
1724 3261 1883 3330 coniectis
1918 3262 2047 3342 plenius

388 3361 608 3430 continentur.
657 3366 691 3452 2)
714 3368 797 3434 Item
829 3388 939 3436 omnes
969 3369 1071 3436 libros
1099 3389 1187 3436 meos
1218 3389 1447 3452 quoscumque,
1476 3391 1557 3453 quos
1581 3370 1753 3452 reliquero,
1777 3370 1881 3436 eidem
1907 3369 2046 3436 ecclesie

388 3469 497 3534 sancti
519 3471 734 3539 Bartholomei
761 3473 834 3559 lego
865 3483 898 3541 et
928 3477 1075 3558 dispono,
1107 3477 1231 3558 volens
1263 3481 1348 3559 quod
1379 3479 1537 3560 redditus,
1570 3478 1625 3560 qui
1654 3481 1694 3544 de
1725 3477 1865 3559 pecunia
1886 3477 2046 3543 librorum

388 3578 562 3642 eorundem
578 3580 695 3645 haberi
711 3587 875 3664 poterunt,
893 3585 934 3649 ed
949 3583 1210 3651 anniversarium
1223 3603 1329 3650 meum
1339 3584 1373 3650 in
1387 3584 1476 3651 dicte
1488 3585 1627 3652 ecclesia
1640 3583 1810 3651 annuatim
1822 3586 2047 3666 peragendum

386 3679 475 3747 inter
490 3691 671 3768 presentes,
696 3687 785 3754 horis
802 3689 969 3756 canonicis
986 3697 1019 3756 et
1036 3690 1155 3757 divinis
1180 3699 1319 3772 protunc
1342 3691 1579 3758 interessentes
1599 3696 1780 3770 dumtaxat,
1802 3690 2048 3757 distribuantur

387 3787 537 3872 fideliter,
570 3792 763 3868 minucione.
795 3795 986 3864 infirmitate
1015 3805 1048 3864 et
1078 3796 1233 3864 absencia
1264 3818 1527 3882 quorumcunque
1558 3818 1622 3867 non
1653 3801 1816 3879 obstante,
1842 3798 1928 3864 etsi
1953 3817 2048 3864 secus

387 3895 490 3978 fieret,
516 3902 601 3978 quod
618 3901 715 3982 absit,
734 3908 812 3968 tunc
829 3903 908 3968 dicti
924 3905 1072 3970 redditus
1089 3924 1199 3970 omnes
1216 3905 1417 3987 temporibus
1433 3906 1593 3988 pretectis
1609 3908 1650 3972 ad
1667 3904 1829 3988 hospitale
1845 3904 2048 3972 infirmorum

387 4002 421 4067 in
444 4003 671 4088 Franktnford
695 4028 753 4090 pro
778 4010 1005 4077 consolacione
1030 4009 1204 4078 eorundem
1229 4033 1286 4094 pro
1310 4012 1364 4078 illo
1389 4032 1474 4079 anno
1498 4020 1628 4078 tentum
1647 4014 1768 4079 debent
1791 4013 1990 4095 presentari,
2015 4020 2049 4080 et

388 4109 494 4190 siqui
521 4111 555 4177 in
578 4113 761 4196 matutinis,
786 4114 819 4180 in
844 4117 956 4198 primis
980 4125 1013 4183 et
1037 4119 1156 4184 ceteris
1180 4119 1268 4185 horis
1292 4119 1458 4186 canonicis
1481 4139 1546 4186 non
1570 4120 1780 4202 interessent,
1805 4126 1843 4185 ut
1867 4119 2047 4202 prefertur,

387 4223 466 4282 tunc
490 4219 599 4300 porcio
625 4240 682 4286 seu
699 4222 870 4303 presencia
887 4226 926 4290 de
942 4223 1145 4308 negligencia
1162 4225 1257 4291 huius
1273 4227 1352 4292 hore
1369 4226 1664 4309 proportionaliter
1681 4225 1744 4292 sibi
1761 4227 1882 4292 debent
1895 4227 2049 4293 subtrahi

388 4331 421 4389 et
452 4323 613 4392 defalcari
642 4327 676 4392 in
708 4329 934 4396 anniversario
966 4338 999 4396 et
1029 4330 1124 4398 iestis
1152 4333 1338 4402 antedictis.
1386 4334 1420 4419 3)
1444 4335 1526 4399 Item
1551 4333 1659 4400 omnia
1682 4353 1766 4400 vasa
1787 4353 1861 4399 mea
1885 4343 2050 4418 argentea

387 4450 426 4496 ac
450 4434 621 4516 deaurata,
646 4455 772 4502 necnon
797 4437 953 4503 utensilia
976 4458 1049 4504 mea
1072 4440 1181 4504 omnia
1197 4447 1231 4505 et
1247 4439 1385 4523 singula,
1411 4440 1446 4506 in
1462 4440 1717 4522 quibuscumque
1733 4443 1832 4507 rebus
1849 4443 2048 4522 consistant,

387 4539 554 4606 sororibus
584 4542 663 4608 meis
695 4543 824 4609 dilectis
855 4547 1029 4610 dumtaxat
1059 4547 1131 4629 lego
1163 4553 1196 4612 et
1227 4546 1363 4628 dispono
1396 4554 1430 4613 et
1462 4547 1636 4613 heredibus
1669 4547 1824 4632 legitimis
1857 4553 2049 4632 earundem,

388 4652 563 4728 potestate,
590 4650 789 4717 auctoritate
813 4670 853 4716 ac
877 4653 1049 4718 voluntate
1073 4653 1253 4720 omnimode
1278 4673 1378 4734 penes
1402 4674 1452 4720 me
1476 4660 1617 4736 retenta,
1644 4657 1729 4735 quod
1753 4654 1915 4737 premissa
1939 4657 2052 4724 omnia

388 4758 421 4816 et
445 4752 574 4836 singula
597 4754 630 4820 in
656 4763 750 4837 parte
774 4757 828 4824 vel
850 4758 884 4823 in
908 4765 989 4840 toto,
1014 4759 1067 4826 vel
1091 4780 1152 4841 que
1177 4781 1217 4826 ex
1242 4761 1290 4826 eis
1313 4761 1457 4834 voluero,
1484 4762 1649 4844 corrigere
1665 4762 1792 4828 valeam
1811 4769 1845 4828 et
1861 4771 1992 4831 mutare
2011 4786 2052 4832 ac

388 4859 490 4925 eciam
521 4862 650 4928 omnino
680 4885 847 4945 revocare,
878 4867 1139 4933 contradictione
1163 4868 1336 4934 cuiuslibet
1360 4888 1424 4934 non
1448 4870 1612 4949 obstante,
1638 4887 1710 4934 cum
1734 4868 1874 4951 predicti
1898 4873 2052 4938 redditus

387 4974 420 5032 et
444 4970 531 5034 bona
554 4988 627 5034 mea
650 4969 719 5036 sint
742 4978 774 5037 et
799 4992 871 5037 cum
895 4975 1028 5054 propria
1044 4974 1184 5055 pecunia
1201 4994 1271 5040 mee
1287 4972 1353 5040 sint
1371 4981 1571 5056 comparate.
1612 4977 1647 5058 4)
1662 4975 1820 5040 Preterec
1836 4977 2052 5045 honorabiles

388 5082 421 5141 et
451 5077 612 5142 discretos
641 5078 732 5144 viros
757 5081 1001 5163 Reynhardum,
1028 5134 1060 5147 ..
1086 5085 1254 5164 decanum,
1280 5081 1509 5148 Heilmannum
1541 5081 1664 5146 dictum
1692 5084 1732 5147 de
1756 5081 1993 5152 Greveneckin
2019 5093 2052 5153 et

386 5183 572 5250 hohenhem
596 5187 635 5250 de
652 5187 849 5268 Petterwile,
874 5187 1016 5255 vicarios
1040 5187 1177 5254 ecclesie
1201 5188 1309 5254 sancti
1325 5188 1548 5254 Bartholomei
1564 5187 1703 5269 prefate,
1728 5191 1943 5258 manulideles
1960 5213 2052 5260 meos

387 5289 525 5357 dilectos
556 5299 589 5357 et
619 5293 797 5373 quemlibet
828 5314 938 5359 eorum
967 5295 1001 5361 in
1031 5296 1167 5361 solidum
1197 5295 1312 5361 ordino
1337 5301 1370 5360 et
1394 5295 1530 5377 dispono
1553 5295 1677 5361 litteras
1701 5315 1760 5376 per
1783 5305 1969 5380 presentes,
1997 5299 2054 5382 qui

387 5400 496 5468 omnia
520 5408 554 5466 et
577 5400 715 5483 singula,
741 5407 838 5482 prout
863 5408 940 5467 sunt
964 5402 1159 5484 prescripta,
1186 5409 1219 5468 et
1243 5405 1282 5468 de
1307 5401 1423 5483 quibus
1439 5421 1499 5482 per
1515 5421 1564 5466 me
1581 5422 1646 5467 non
1663 5400 1764 5468 luerit
1780 5403 1980 5486 dispositum
1997 5408 2052 5474 uel

387 5507 582 5590 ordinatum,
615 5507 804 5574 execucioni
834 5508 973 5574 fideliter
1004 5516 1218 5590 exequantur,
1244 5509 1342 5574 sicuti
1366 5512 1405 5574 de
1428 5507 1491 5574 hiis
1514 5508 1547 5574 in
1572 5514 1717 5575 extremo
1740 5507 1860 5574 iudicio
1885 5510 2053 5580 altissimo

387 5614 553 5682 voluerint
569 5617 707 5682 reddere
724 5614 898 5681 racionem.
939 5617 971 5698 5)
988 5617 1128 5698 Insuper
1143 5615 1355 5682 manufideles
1372 5613 1512 5698 predicti
1527 5615 1788 5683 melioracionem
1804 5617 1929 5700 domus,
1954 5641 2055 5702 quam

652 5855 677 5906 a)
693 5851 734 5897 Or.
749 5853 898 5908 ,dieponcu‘.
