4412 6406
910 389 1109 445 11111111.
1772 393 1837 458 433

289 589 329 652 In
354 587 484 653 nornine
508 586 641 669 domini,
670 607 774 654 amen.
815 589 863 654 Ne
880 607 988 654 rerum
1005 587 1108 654 series
1125 594 1158 653 11
1182 593 1348 654 tractatus
1365 587 1843 656 111111111111111111111

87 749 91 755 .
179 694 278 760 simul
311 714 383 760 cum
416 700 563 775 tempore
596 701 813 776 evanescant,
839 693 981 776 expedit,
1016 713 1072 762 eos
1104 693 1385 762 11111111111111111
1404 695 1431 782 ll
1456 695 1621 777 scripture
1655 695 1842 761 testimonio

180 799 392 882 perhennari.
439 801 508 866 Nos
538 800 641 884 igitur
665 801 831 884 Nycolaus
857 853 888 870 ..
915 805 1068 884 decanus
1100 800 1261 868 Gerlacus
1287 854 1319 868 ..
1345 801 1550 884 scolasticus
1582 801 1772 868 Fridericus
1802 805 1842 868 11

178 907 374 991 Frideberg,
400 907 1000 993 111111111Μ1111111111,1111111111
1017 910 1044 994 ll
1062 914 1183 990 custos
1202 909 1429 975 Hartmannus
1445 908 1654 992 hantgravii,
1671 909 1695 975 J
1697 909 1843 975 ohannes

178 1014 290 1080 dictus
310 1017 505 1094 Gruezzere,
533 1067 565 1079 ..
592 1013 751 1096 canonici,
777 1022 945 1097 totumque
972 1068 1003 1083 ..
1030 1015 1268 1098 capitulum..
1294 1015 1431 1082 ecclesie
1455 1015 1574 1082 montis
1599 1021 1713 1082 sancte
1737 1014 1842 1082 Maria

177 1120 510 1202 Franhinlordensis
534 1121 726 1206 hloguntinc
742 1125 769 1209 ll
787 1123 946 1207 dyocesis,
972 1122 1075 1205 ipsius
1093 1174 1099 1188 .
1120 1175 1126 1189 .
1145 1122 1282 1190 ecclesie
1304 1130 1417 1190 nostre
1434 1122 1609 1190 commodis
1626 1121 1841 1189 consideratis

178 1237 213 1294 et
230 1227 445 1311 profectibus
463 1235 594 1295 matura
610 1228 697 1295 inter
712 1249 772 1296 nos
789 1229 1026 1296 deliberatione
1043 1230 1226 1312 prehabito,
1245 1233 1285 1296 11
1298 1230 1432 1298 consilio
1445 1229 1682 1297 honorabihum
1696 1229 1842 1297 virorum

178 1335 384 1403 dominorum
418 1334 626 1402 Heilemanni
659 1335 739 1401 dicti
772 1335 892 1418 8111111,
925 1389 963 1403 ..
993 1337 1120 1418 111111,
1154 1336 1325 1418 Friderici,
1353 1390 1358 1403 .
1384 1394 1389 1406 .
1416 1336 1571 1416 cantoris,
1603 1337 1776 1418 Waltheri,
1804 1389 1840 1408 ..

179 1442 329 1509 custodis
352 1494 380 1508 ..
400 1441 537 1508 ecclesia
552 1442 915 1528 Aschallenburgensis
940 1444 1181 1510 manulidelium
1205 1464 1263 1511 seu
1287 1451 1497 1511 executorum
1521 1443 1712 1510 testamenti
1734 1443 1842 1510 felicis

177 1549 335 1616 memorie
352 1552 513 1631 quondam
527 1549 719 1632 Katherins
737 1550 852 1616 relicte
866 1554 1029 1633 quondam
1042 1550 1235 1635 Wygclonis
1249 1554 1287 1617 de
1300 1552 1501 1632 Wanebach,
1516 1549 1656 1633 opidana
1668 1551 1842 1618 Franken-

177 1655 356 1736 fordensis
374 1659 516 1723 vendere
533 1657 737 1724 decrevimus
754 1671 788 1724 et
802 1657 889 1725 iuste
906 1657 1109 1725 vendicionis
1126 1658 1232 1741 tytulo
1249 1657 1419 1724 vendimus
1436 1677 1590 1738 expresse
1604 1663 1637 1723 et
1650 1657 1841 1740 simpliciter

177 1764 213 1829 in
245 1762 308 1829 hiis
340 1762 475 1846 scriptis
506 1763 691 1830 honorabili
721 1763 792 1831 viro
817 1763 946 1832 domino
971 1765 1127 1850 Nycolao,
1153 1763 1218 1830 fiho
1243 1766 1405 1845 quondam
1430 1763 1618 1845 Gobelonis
1649 1763 1782 1846 opidani
1805 1765 1840 1830 in

179 1870 374 1954 Fridcberg,
394 1925 399 1936 .
416 1923 422 1936 .
441 1873 565 1937 decano
583 1871 720 1938 ecclesie
737 1878 849 1938 nostre
865 1871 930 1938 ianr
948 1872 1143 1955 prescripta,
1161 1874 1249 1953 apud
1266 1890 1325 1936 nos
1342 1870 1625 1952 ementiiusteque
1637 1876 1670 1936 et
1683 1880 1851 1954 perpetue·

179 1976 359 2058 emptionis
377 1978 482 2062 tytulo
500 1977 683 2060 recipienti,
702 1999 820 2045 census
837 1981 948 2046 decem
963 1999 1150 2046 marcarum
1166 1976 1374 2044 denariorum
1387 1976 1505 2044 levium
1517 1977 1841 2061 Wedereybienstum

179 2087 220 2150 de
245 2083 399 2150 censibus
422 2083 543 2168 viginti
566 2104 751 2150 marcarum
770 2084 851 2151 dicti
867 2084 1067 2170 pagamenti,
1086 2105 1167 2168 quos
1184 2082 1317 2166 prelata
1333 2086 1495 2165 quondam
1512 2083 1642 2150 domina
1657 2084 1841 2151 Katherina

180 2190 214 2256 in
246 2191 299 2256 sul
328 2211 524 2274 suorumque
548 2191 725 2258 remedium
749 2192 896 2259 salutare
919 2191 1015 2259 nobis
1039 2200 1072 2258 11
1097 2244 1128 2258 ..
1155 2189 1292 2258 ecclesie
1315 2197 1428 2256 nostre
1453 2189 1600 2272 predicte
1625 2210 1723 2273 super
1746 2194 1840 2258 domo

179 2297 313 2379 lapidea
344 2297 433 2364 dicta
463 2319 502 2364 zu
526 2299 782 2381 Frauwenrode,
814 2298 880 2366 sita
909 2299 944 2364 in
975 2298 1071 2381 opido
1095 2296 1411 2380 Frankenlordensi,
1439 2316 1537 2380 quarn
1560 2317 1646 2364 nunc
1669 2303 1785 2364 tenent
1808 2305 1841 2365 et

179 2403 353 2486 possident
376 2403 552 2472 Heinricus
583 2408 767 2472 advocatus
797 2405 830 2471 in
854 2406 962 2472 Fulda
993 2411 1026 2471 11
1050 2405 1204 2486 Cristina,
1237 2404 1306 2470 eius
1337 2403 1495 2489 legitima,
1528 2423 1654 2470 necnon
1685 2411 1719 2470 11
1742 2424 1841 2488 super

179 2509 286 2592 ipsius
317 2513 430 2577 domus
458 2509 739 2594 appertinenciisb
764 2511 936 2594 universis
962 2511 1057 2578 annis
1081 2511 1219 2595 singuhS
1243 2510 1276 2578 in
1301 2510 1385 2578 11111
1409 2510 1500 2577 beati
1522 2510 1660 2578 Martini
1682 2512 1840 2595 hyemalis

179 2616 350 2698 perpetuis
374 2618 576 2701 temporibus
599 2619 697 2686 simul
720 2626 754 2686 et
770 2620 869 2686 semel
884 2620 1013 2704 integre
1029 2617 1265 2702 persolvendis
1286 2637 1441 2700 expresse
1456 2618 1584 2702 legavit
1599 2624 1633 2684 et
1649 2618 1840 2685 testamenti

179 2723 311 2790 nomine
342 2725 525 2806 deputavit,
551 2725 637 2794 sicut
660 2725 693 2792 in
717 2726 820 2808 ipsius
844 2727 972 2793 domine
996 2717 1179 2793 Katherine
1203 2724 1413 2793 ordinacione
1437 2724 1690 2792 testamentaria
1713 2725 1840 2808 plenius

180 2839 232 2896 est
255 2849 457 2914 expressum,
483 2836 642 2900 tenendos
660 2840 693 2900 et
710 2833 939 2916 percipiendos
955 2839 989 2900 et
1005 2854 1064 2916 pro
1078 2854 1112 2900 se
1126 2833 1257 2916 suisque
1269 2831 1444 2899 heredibus
1458 2832 1626 2915 perpetuis
1639 2833 1840 2914 temporibus

180 2938 317 3020 pacifice
348 2938 571 3021 possidendos,
603 2960 662 3023 pro
693 2948 822 3007 centum
854 2940 1025 3025 octogiuta
1054 2940 1173 3006 marcis
1205 2939 1285 3006 dicti
1315 2940 1514 3025 pagamenti,
1546 2940 1640 3007 nobis
1667 2959 1688 3006 a
1711 2938 1838 3006 domino

179 3045 338 3128 Nycolao,
358 3098 386 3111 ..
406 3048 529 3113 decano
554 3054 667 3114 nostro
691 3047 849 3132 predicto,
874 3047 1008 3114 traditis
1031 3046 1240 3132 integraliter
1264 3053 1297 3114 et
1321 3046 1437 3114 solutis
1454 3067 1492 3113 ac
1508 3047 1543 3114 in
1559 3067 1638 3114 usus
1657 3099 1662 3111 .
1679 3099 1684 3112 .
1703 3044 1839 3113 ecclesie

178 3159 295 3218 nostre
312 3151 460 3233 predicte
476 3152 583 3237 magis
599 3153 698 3220 utiles
715 3160 749 3220 et
765 3155 970 3222 necessarios
986 3153 1115 3220 utiliter
1131 3153 1349 3236 commutatis,
1367 3172 1466 3236 super
1482 3173 1547 3236 qua
1559 3153 1688 3235 quidem
1700 3152 1839 3236 pecunia

179 3266 214 3324 et
245 3258 315 3325 elus
346 3257 510 3326 solucione
541 3259 705 3328 dominum
729 3261 920 3346 Nycolaum,
946 3313 979 3327 ..
1005 3264 1165 3328 decanum
1194 3266 1343 3327 nostrum
1373 3259 1550 3343 prelatum,
1576 3259 1781 3354 acquitamus
1806 3267 1839 3326 11

179 3364 307 3446 quitum
339 3365 475 3434 dicimus
504 3367 538 3435 in
569 3367 633 3434 hiis
663 3368 815 3451 scriptis;
848 3366 1089 3435 transferentes
1118 3368 1153 3434 in
1182 3368 1290 3450 ipsum
1320 3367 1468 3434 redditus
1499 3387 1556 3434 seu
1587 3386 1704 3434 census
1728 3371 1839 3434 decem

179 3491 367 3538 marcarum
397 3473 563 3554 predictos
593 3481 628 3540 et
658 3495 750 3541 omne
781 3475 831 3542 ius
862 3475 955 3542 nobis
987 3481 1174 3558 competens
1198 3475 1231 3541 in
1255 3475 1386 3558 eisdem,
1412 3475 1530 3558 quibus
1554 3482 1586 3541 11
1610 3475 1839 3542 renunciamus

180 3578 376 3661 simpliciter
406 3586 439 3647 et
468 3579 502 3648 in
534 3587 620 3651 toto:
652 3581 885 3650 renunciantes
915 3583 1153 3667 nychilominus
1184 3582 1374 3665 excepcioni
1403 3583 1470 3648 doli
1499 3582 1577 3649 mali
1599 3589 1633 3648 et
1655 3581 1690 3647 11
1712 3580 1838 3648 lactum

179 3685 383 3770 exceptioni,
416 3707 474 3769 per
505 3707 601 3770 quarn
632 3689 780 3772 deceptis
810 3692 899 3757 ultra
929 3690 1093 3756 dimidiam
1124 3689 1204 3756 iusti
1235 3689 1337 3772 precii
1361 3690 1564 3772 subvenitur,
1589 3696 1623 3755 et
1647 3688 1839 3771 simpliciter

180 3794 332 3860 omnibus
348 3793 609 3878 exceptionibus
633 3795 871 3874 instrumentis
891 3797 1005 3863 litteris
1023 3804 1056 3863 et
1072 3796 1253 3880 privilegiis
1269 3796 1420 3877 omnique
1435 3795 1516 3862 iuris
1533 3803 1567 3862 et
1582 3795 1690 3880 legum
1705 3795 1836 3876 auxilio,

180 3900 299 3983 quibus
316 3907 507 3969 contractus
523 3901 709 3969 huiusmodi
723 3903 757 3969 in
774 3911 844 3971 toto
861 3905 915 3972 vel
928 3905 962 3970 in
980 3911 1075 3988 parte
1092 3903 1209 3970 viciari
1223 3903 1346 3986 poterit
1362 3905 1414 3972 vel
1430 3903 1590 3984 rescindi3
1609 3901 1838 3984 promittentes

180 4027 338 4089 expresse
368 4008 496 4076 domino
527 4010 683 4093 Nycolao,
711 4015 895 4078 ..decano
926 4011 1128 4094 supradicto,
1160 4030 1258 4094 super
1289 4009 1387 4076 dictis
1418 4009 1569 4076 censibus
1600 4017 1633 4076 et
1664 4015 1837 4076 contractu

179 4113 292 4181 iacere
307 4123 340 4181 et
353 4114 483 4198 explere
494 4117 699 4184 warandiam
711 4118 805 4185 iuxta
817 4120 1085 4186 consuetudinem
1098 4118 1205 4201 patrie
1218 4117 1428 4184 laudabihter
1439 4119 1599 4184 hactenus
1610 4118 1836 4198 observatam,

181 4221 314 4304 proviso
340 4229 448 4290 tamen
473 4230 506 4290 et
531 4224 702 4309 signanter
726 4226 864 4308 adiecto,
889 4230 974 4308 quod
1000 4247 1131 4294 censum
1155 4225 1294 4292 abarum
1317 4228 1428 4291 decem
1452 4244 1636 4291 marcarum
1661 4227 1700 4290 de
1718 4223 1838 4308 viginti

180 4328 302 4395 marcis
333 4331 505 4412 pretactis,
538 4352 633 4413 quem
657 4332 748 4414 prius
773 4333 922 4401 slmihter
946 4354 1005 4417 pro
1030 4332 1204 4400 commodis
1229 4331 1353 4399 nostris
1377 4337 1410 4397 et
1433 4329 1658 4413 profectibus⁰
1680 4328 1836 4396 Heinrico

181 4438 221 4502 de
244 4436 442 4504 Holtzhusin
473 4445 506 4504 11
529 4439 665 4524 Engele,
698 4441 792 4506 uxori
822 4461 880 4507 sue
908 4441 1061 4525 legitime,
1087 4438 1237 4523 opidanis
1261 4435 1638 4520 Franhenlordensibus
1663 4457 1703 4504 ac
1727 4456 1837 4503 eorum

179 4542 356 4612 heredibus
380 4543 610 4628 vendidimus,‘¹
641 4546 721 4630 ipsis
746 4555 779 4614 et
803 4567 914 4614 eorum
937 4548 1114 4614 heredibus
1137 4547 1171 4613 in
1195 4546 1282 4613 dicto
1307 4545 1415 4612 sancti
1430 4544 1568 4612 Martini
1591 4542 1676 4610 leste
1693 4543 1789 4611 simul
1804 4551 1838 4610 et

180 4649 282 4716 semel
304 4653 344 4717 de
369 4650 458 4718 dicta
482 4656 575 4720 domo
599 4653 727 4739 integre
752 4655 896 4738 persolvi
919 4657 1084 4722 debebunt
1108 4675 1147 4721 ac
1171 4660 1340 4737 perpetuo,
1366 4652 1457 4736 prius
1477 4657 1510 4718 11
1527 4659 1703 4735 antequam
1719 4669 1837 4718 census

180 4761 292 4823 decem
322 4777 508 4826 marcarum
537 4761 696 4843 residuus
729 4782 823 4844 quem
853 4761 887 4828 in
918 4762 1009 4828 dicta
1039 4764 1132 4827 domo
1164 4761 1312 4826 ultimum
1342 4756 1413 4825 lore
1445 4757 1620 4825 statuimus
1651 4765 1685 4824 et
1708 4757 1836 4824 domino

179 4863 337 4947 Nycolao,
356 4918 362 4931 .
379 4921 385 4934 .
403 4869 527 4935 decano
550 4875 662 4936 nostro
684 4869 861 4951 sepedicto,
880 4875 917 4935 ut
934 4868 1144 4950 premittitur,
1163 4867 1334 4935 vendimus
1347 4873 1381 4932 et
1394 4865 1584 4948 simphciter
1597 4865 1837 4949 resignavimus

180 4971 294 5054 eidem,
319 4972 353 5040 in
377 4974 464 5041 dicto
488 4972 574 5044 festo
598 4979 638 5042 de
658 4975 751 5043 domo
768 4981 945 5058 prenotata
961 4975 1180 5057 persolvatur.
1219 4976 1260 5041 In
1277 4993 1412 5056 quorum
1429 4973 1571 5040 omniurn
1587 4980 1620 5039 et
1636 4972 1836 5057 singulorum

180 5078 414 5160 premissorum
444 5081 579 5150 evidens
603 5082 823 5150 testimonium
847 5089 879 5149 et
904 5083 1117 5150 omnimodam
1141 5081 1270 5148 roboris
1294 5080 1492 5164 firmitatem,
1517 5100 1654 5162 presens
1678 5079 1836 5162 scripturn

181 5187 317 5256 ecclesie
340 5195 463 5270 nostre,
488 5210 614 5257 necnon
638 5197 671 5258 11
690 5190 928 5258 honorabilium
948 5189 1092 5259 virorum
1116 5189 1318 5256 dominorum
1337 5243 1342 5254 .
1359 5246 1365 5258 .
1383 5187 1570 5255 Heilmanni
1586 5183 1834 5254 uictisvtoh'..

180 5295 307 5374 decani,
337 5296 501 5364 Friden'ci
526 5349 558 5362 ..
585 5298 740 5380 cantoris
773 5304 806 5364 et
833 5297 984 5380 magistri
1007 5296 1174 5364 Waltheri
1198 5348 1230 5362 ..
1256 5295 1402 5362 custodis
1427 5346 1458 5360 ..
1485 5293 1621 5360 ecclesie
1645 5293 1837 5360 Aschallen-

179 5405 365 5489 burgensis
397 5411 606 5472 executurum
638 5404 821 5487 supradicti
837 5387 1049 5486 testamenti,
1082 5424 1122 5470 ac
1149 5409 1335 5471 nostrorum
1359 5403 1626 5486 singulorumque
1650 5406 1836 5468 nostrorum

180 5513 361 5598 sigillorum
379 5512 579 5596 appensione
595 5512 724 5580 domino
737 5511 893 5597 Nycolao,
909 5565 914 5577 .
929 5565 935 5577 .
950 5515 1074 5578 decano
1092 5518 1204 5578 nostro
1222 5509 1397 5593 11111111,ο
1419 5508 1579 5576 tradimus
1595 5507 1834 5576 communitum.

179 5621 226 5688 Et
250 5641 310 5688 nos
334 5619 550 5688 Heilmannus
575 5671 581 5684 .
602 5672 607 5684 .
633 5619 787 5702 decanus,
813 5618 1003 5686 Fridericus
1021 5671 1027 5684 .
1047 5672 1053 5683 .
1072 5625 1189 5685 cantor
1213 5625 1247 5683 et
1263 5616 1454 5684 Waltherus
1472 5669 1478 5682 .
1498 5669 1504 5682 .
1524 5623 1634 5683 custos
1651 5667 1658 5682 .
1675 5668 1680 5682 .
1699 5614 1836 5681 ecclesie

448 5781 472 5832 ι)
483 5777 524 5822 or.
539 5775 744 5832 ,incompertum
772 5777 855 5830 1))111
882 5779 904 5827 c)
915 5786 971 5832 ,pro
981 5775 1183 5831 -protaououa‘
1198 5775 1334 5820 111111
1344 5775 1434 5820 naar.
1461 5774 1486 5829 1)
1498 5773 1538 5819 or.
1552 5773 1712 5829 ,1111111111
1740 5761 1836 5824 11111

394 5851 439 5895 der
453 5849 526 5894 Zelle.

233 5985 400 6032 1111111111
416 5984 612 6032 urkundenbuch
627 5983 657 6029 Il.
787 5967 789 5972 ’
1473 6043 1478 6048 1
1693 5973 1728 6025 55
