4414 6402
890 304 959 358 1323
979 305 1054 358 lllrz
1075 305 1114 360 18.
1763 302 1824 366 167

160 501 338 582 hucusque
362 493 568 569 vertentibus
592 503 632 568 oh
656 501 878 568 reverenciam
903 498 1028 582 prelati
1051 501 1171 568 domini
1194 501 1299 568 nostri
1323 501 1419 568 electi
1450 500 1693 584 supersedeatis
1723 503 1756 564 et
1786 499 1825 563 de

160 612 278 672 cetero
304 627 365 673 vos
389 608 577 674 nullatenus
600 607 832 675 intromittetis
856 613 896 676 de
920 608 1050 692 eisdem,
1075 628 1117 676 ne
1140 609 1247 675 dictos
1271 609 1418 676 dominos
1440 628 1529 676 meos
1552 610 1592 674 de
1607 606 1703 674 vohis
1720 603 1827 688 queri-

159 712 310 778 moniam
335 712 466 780 deferre
480 712 671 798 contingat,
696 722 729 781 et
753 715 907 782 exhibitis
931 735 989 799 per
1013 736 1069 783 eos
1085 715 1277 798 quibusdam
1293 715 1519 782 instrumentis
1536 717 1578 781 ad
1593 712 1826 782 verificandum

160 819 448 901 supplicationem
483 824 633 903 eandem,
669 822 920 904 excepcionibus
955 830 989 889 et
1022 822 1317 907 inpugnacionibus
1350 842 1390 890 ex
1423 828 1518 904 parte
1551 820 1687 889 ecclesie
1720 818 1827 886 sancti

160 925 395 993 Bartholomei
424 927 460 994 in
491 928 691 995 contrarium
722 929 914 1012 propositis,
947 929 1220 1012 replicationibus
1251 949 1290 996 ac
1319 928 1600 1012 duplicacionihus
1630 931 1672 994 ad
1697 929 1827 994 easdem

160 1031 324 1099 hincinde
355 1035 539 1101 subsecutis
570 1055 610 1102 ac
641 1035 920 1117 triplicacionibus
944 1034 1104 1103 iaciendis
1128 1035 1339 1118 renunciatis,
1364 1042 1584 1118 revocatoque
1608 1034 1714 1101 eciam
1738 1038 1827 1115 post-

160 1143 300 1206 modum
326 1161 347 1206 a
370 1141 500 1208 domino
523 1141 697 1209 scolastico
722 1143 859 1210 ecclesie
876 1149 990 1210 sancte
1006 1143 1111 1210 Maria
1127 1147 1169 1210 ad
1186 1146 1318 1212 Gradus
1334 1142 1481 1226 predicte
1497 1148 1531 1209 et
1547 1141 1717 1208 commisso
1733 1138 1827 1206 nobis

161 1247 306 1329 negocio
341 1267 400 1330 per
430 1252 645 1340 reverendum
674 1249 708 1315 in
733 1250 863 1317 Christo
894 1257 1022 1334 patrem
1054 1257 1086 1316 et
1117 1251 1280 1318 dominum
1310 1251 1473 1317 dominum
1503 1249 1677 1329 Mathiam,
1713 1252 1827 1314 sancte

162 1349 362 1436 Moguntine
393 1355 480 1421 sedis
510 1356 658 1430 electum,
691 1359 750 1423 sub
782 1359 843 1423 hac
874 1356 996 1425 forma:
1023 1410 1054 1426 ..
1087 1357 1232 1424 Mathias
1260 1357 1312 1424 dei
1342 1366 1376 1424 et
1400 1357 1580 1440 apostolice
1605 1355 1693 1423 sedis
1717 1353 1828 1438 gracia

162 1467 285 1526 sancte
318 1462 510 1546 Moguntine
540 1463 627 1530 sedis
657 1464 790 1531 electus¹
825 1521 831 1532 .
858 1517 863 1528 .
899 1463 1053 1532 Discreto
1077 1465 1148 1532 viro
1173 1465 1347 1532 scolastico
1373 1464 1509 1530 ecclesie
1533 1463 1641 1530 sancti
1663 1459 1826 1540 Mauricii,

163 1565 290 1633 dilecto
318 1587 376 1634 suo
401 1572 531 1652 devoto,
563 1570 702 1638 salutem
725 1570 759 1637 in
783 1571 920 1638 domino.
970 1573 1096 1638 Causas
1120 1570 1350 1638 convencionis
1374 1577 1408 1636 et
1431 1568 1698 1638 reconvencionis
1722 1573 1828 1634 motas

162 1672 255 1738 inter
288 1673 453 1740 discretos
477 1675 566 1742 viros
590 1679 731 1743 decanos
756 1684 790 1743 et
814 1679 961 1761 capitula
984 1679 1094 1747 sancti
1116 1677 1338 1745 Bartholomei
1362 1681 1396 1743 et
1420 1683 1535 1743 sancte
1559 1675 1665 1742 Marie
1688 1672 1828 1756 virginis

164 1784 197 1844 et
213 1777 315 1846 beati
331 1781 475 1866 Georgii,
501 1783 712 1850 ecclesiarum
728 1785 1090 1868 Frankenfordensium,
1112 1784 1186 1851 olim
1203 1804 1262 1866 per
1278 1784 1457 1866 capitulum
1475 1781 1611 1850 ecclesie
1627 1779 1826 1864 Mogontine,

164 1887 244 1952 sede
270 1893 309 1952 et
332 1891 495 1956 decanatu
519 1889 662 1958 eiusdem
686 1891 892 1972 vacantibus,
917 1891 1059 1958 discreto
1084 1891 1155 1958 viro
1179 1890 1352 1958 scolastico
1376 1889 1513 1956 ecclesie
1532 1894 1647 1956 sancte
1661 1886 1768 1954 Maria
1786 1887 1827 1952 ad

165 1991 307 2060 Gradus
331 1995 523 2078 Mogurntine
545 1996 734 2064 commissas
753 2004 787 2064 et
806 2001 848 2065 ad
864 2017 924 2064 nos
941 1998 1040 2066 certis
1057 2018 1097 2064 ex
1114 1997 1222 2064 causis
1239 1999 1280 2064 ah
1298 1999 1409 2063 codem
1425 2001 1610 2077 revocatas,
1635 1991 1829 2061 discrecioni

165 2105 223 2166 tue
256 2099 412 2168 duximus
442 2103 701 2185 conimittcndas,
734 2109 766 2170 et
797 2107 836 2170 de
868 2124 1029 2172 consensu
1053 2105 1200 2187 parcium
1224 2103 1286 2170 tibi
1310 2102 1540 2170 committimus
1564 2121 1622 2184 per
1645 2105 1826 2184 presentes,

165 2209 380 2289 mandantes,
397 2216 561 2288 quatenus
577 2210 705 2278 vocatis
721 2211 898 2278 evocandis
915 2230 1033 2278 causas
1045 2211 1136 2294 ipsas
1150 2213 1326 2278 secundum
1342 2217 1511 2277 retroacta
1527 2229 1636 2276 coram
1649 2205 1780 2291 prefato
1798 2257 1804 2270 .
1821 2255 1827 2268 .

166 2311 349 2380 scolastico
375 2316 532 2382 canonico
555 2318 619 2383 fine
642 2316 786 2400 decidas,
811 2316 947 2400 iaciens,
973 2321 1059 2400 quod
1082 2318 1279 2398 decreveris,
1305 2337 1364 2400 per
1380 2336 1551 2384 censuram
1571 2313 1828 2382 ecclesiasticam

165 2419 312 2486 firmiter
336 2419 515 2490 observari.
563 2424 686 2491 Datum
709 2425 881 2506 Erenvels,
913 2428 973 2493 suh
1004 2431 1117 2492 nostro
1148 2431 1285 2506 secreto,
1318 2427 1463 2490 secunda
1486 2421 1570 2489 feria
1594 2429 1669 2505 post
1692 2426 1828 2488 octavas

167 2527 319 2607 pasche¹
335 2561 376 2576 --
393 2529 536 2611 receptis
553 2549 680 2613 quoque
697 2551 756 2613 per
771 2552 831 2599 nos
848 2532 969 2599 eisdem
984 2531 1097 2599 litteris
1114 2537 1147 2598 et
1164 2531 1315 2615 partibus
1331 2529 1488 2613 predictis
1505 2549 1563 2612 per
1579 2548 1638 2595 nos
1655 2531 1697 2595 ad
1714 2545 1828 2609 proce·

167 2636 315 2699 dendum
345 2638 521 2702 secundum
552 2642 722 2704 retroacta
752 2659 862 2706 coram
892 2637 1022 2722 prelato
1053 2638 1181 2705 domino
1212 2691 1248 2706 ..
1278 2637 1451 2704 scolastico
1481 2635 1598 2703 hahita
1628 2632 1827 2714 convocatis,

167 2739 434 2823 interlocutoque
458 2763 517 2825 per
540 2763 609 2824 nos,
633 2764 698 2812 non
722 2745 930 2814 obstantibus
955 2766 994 2813 ex
1018 2751 1113 2828 parte
1135 2764 1263 2812 reorum
1279 2743 1401 2827 petitis,
1425 2741 1603 2826 propositis
1619 2747 1653 2808 et
1668 2739 1827 2822 deductis,

168 2866 235 2912 non
266 2847 410 2914 ulterius
440 2853 617 2916 secundum
647 2858 829 2933 retroacta,
860 2851 977 2918 habita
1007 2871 1117 2918 coram
1149 2851 1277 2918 domiuo
1309 2850 1482 2917 scolastico
1511 2853 1700 2930 memorato,
1733 2865 1828 2929 posse

169 2956 354 3034 procedere
384 2961 418 3024 et
447 2957 575 3038 debere,
609 2977 648 3024 ac
678 2961 830 3026 concluso
862 2962 995 3025 tandem
1026 2978 1085 3041 per
1111 2977 1171 3024 nos
1194 2958 1227 3025 in
1251 2957 1386 3042 negocio
1411 2961 1451 3023 de
1475 2955 1622 3038 parcium
1646 2955 1827 3035 voluntate,

168 3066 367 3142 statutoque
398 3065 524 3129 demum
555 3064 708 3146 termino,
742 3066 897 3132 videlicet
927 3063 1012 3132 ieria
1042 3065 1158 3147 quinta
1188 3069 1263 3147 post
1293 3063 1551 3146 assumpcionem
1581 3059 1756 3145 virginiS,²
1786 3063 1828 3126 ad

170 3166 381 3234 diffinitivam
413 3170 610 3237 sententiam
641 3171 845 3254 audiendam,
877 3180 910 3238 et
941 3175 1054 3239 eadem
1086 3191 1187 3238 causa
1216 3170 1358 3238 melioris
1389 3169 1638 3237 deliberacionis
1667 3167 1828 3250 usquein

170 3271 292 3340 leriam
309 3281 434 3342 sextam
453 3282 531 3342 ante
551 3297 660 3345 ramos
677 3277 879 3360 palmarum³
895 3287 1085 3363 prorogata,
1103 3278 1254 3362 partibus
1269 3277 1303 3344 in
1319 3283 1435 3344 nostra
1451 3275 1622 3359 presencia
1639 3274 1828 3342 constitutis

170 3385 205 3446 et
221 3381 428 3448 sentenciam
443 3383 514 3450 fieri
530 3403 602 3450 cum
617 3385 783 3452 instancia
799 3385 1053 3470 postulantibus
1078 3407 1137 3453 nos
1154 3385 1235 3454 visis
1252 3385 1336 3452 actis
1353 3393 1387 3451 et
1403 3383 1525 3451 auditis
1542 3382 1688 3466 parcium
1703 3381 1829 3448 iuribus

171 3495 205 3553 et
237 3488 427 3555 raciouibus
458 3510 497 3556 ac
527 3491 782 3572 probacionibus
806 3496 991 3576 earundem,
1023 3492 1233 3576 investigatis
1257 3511 1384 3574 quoque
1408 3491 1604 3575 adplenum
1628 3496 1662 3557 et
1685 3488 1829 3572 cognitis

172 3615 350 3661 causarum
367 3595 492 3664 meritis
508 3604 542 3663 et
558 3617 642 3679 equa
657 3598 786 3666 iusticie
803 3600 897 3666 lance
913 3600 1080 3680 discussis,
1098 3601 1294 3682 prudentum
1306 3598 1452 3666 virorum
1465 3601 1504 3664 ad
1519 3598 1580 3664 hoc
1593 3596 1828 3664 communicato

172 3703 320 3784 consilio,
346 3723 385 3769 ac
409 3723 509 3785 penes
532 3725 591 3772 nos
615 3705 856 3773 deliberacione
879 3706 1054 3788 prehabita
1077 3706 1236 3790 diligenti,
1262 3706 1341 3789 quia
1362 3705 1555 3785 invenimus,
1575 3758 1581 3771 .
1598 3756 1603 3768 .
1621 3707 1780 3769 decanum
1795 3706 1829 3767 et

172 3809 355 3892 capitulum
379 3811 515 3877 ecclesie
540 3811 648 3878 sancti
663 3813 887 3880 Bartholomei
911 3813 1078 3896 predictos
1099 3812 1296 3878 sufficienter
1312 3814 1480 3895 probasse,
1506 3813 1547 3876 ad
1563 3810 1653 3892 ipsos
1670 3814 1702 3875 et
1719 3827 1828 3874 eorum

172 3916 347 3982 ecclesiam
372 3924 538 4000 tamquam
562 3921 603 3986 ad
628 3920 866 4002 parrochialem
890 3921 1060 3987 ecclesiam
1085 3920 1193 3986 omnia
1215 3920 1288 3986 iura
1312 3919 1484 4002 parrochie
1503 3938 1562 4000 per
1577 3923 1681 3982 totum
1698 3915 1829 3996 opidum

172 4024 408 4106 Frankcnford
432 4045 471 4091 ac
494 4025 649 4093 terminos
674 4033 707 4092 et
729 4025 850 4093 limites
873 4028 1018 4094 eiusdem
1042 4027 1179 4094 ecclesie
1202 4026 1367 4109 pertinere
1383 4025 1536 4108 ipsosque
1552 4043 1626 4090 esse
1641 4029 1675 4089 et
1690 4020 1829 4088 fuissea

114 4187 118 4196 .
172 4129 283 4213 longis
306 4132 483 4198 retroactis
507 4133 706 4215 temporibus
730 4133 765 4198 in
788 4133 995 4215 possessione
1018 4134 1072 4201 vel
1095 4133 1191 4216 quasi
1211 4134 1329 4200 iurium
1348 4131 1599 4215 parrochialium
1616 4131 1800 4210 eorundem,
1813 4136 1828 4167 ⁸

174 4238 228 4304 dei
255 4237 386 4304 nomine
413 4238 575 4321 invocato,
605 4243 764 4307 decanum
791 4245 826 4305 et
854 4240 1032 4322 capitulum
1061 4241 1196 4307 ecclesie
1226 4245 1339 4307 sancte
1367 4239 1472 4305 Mario
1500 4245 1534 4305 et
1563 4236 1654 4304 beati
1681 4235 1827 4318 Georgii,

174 4365 249 4411 reos
278 4345 476 4427 antedictos
505 4353 542 4411 ut
568 4346 603 4413 in
631 4347 699 4413 suis
726 4347 882 4414 limitibus
911 4347 1058 4414 contenti
1082 4347 1280 4429 baptismum
1304 4366 1368 4413 non
1393 4351 1586 4413 consecrent
1608 4362 1668 4410 nec
1692 4345 1732 4408 dc
1755 4340 1829 4408 aliis

174 4452 432 4534 quibuscumque
461 4452 586 4519 iuribus
616 4455 788 4534 parrochie
819 4475 853 4521 se
883 4454 1116 4536 intromittant,
1149 4461 1183 4520 et
1210 4461 1246 4520 ut
1270 4454 1391 4521 eisdem
1415 4452 1583 4519 actoribus
1606 4448 1829 4519 reverenciam

175 4559 307 4626 racione
332 4559 540 4640 antiquitatis
563 4560 597 4626 in
620 4559 721 4626 licitis
745 4569 779 4626 et
801 4561 948 4628 honestis
973 4561 1118 4628 debitam
1141 4560 1327 4642 exhibeant,
1360 4561 1452 4628 salvo
1482 4565 1593 4625 tamen
1615 4555 1828 4638 infrascripto

174 4665 411 4745 moderamine,
443 4666 689 4733 sentencialiter
719 4672 1003 4752 condempnemus.
1057 4667 1144 4753 Quia
1173 4687 1252 4734 vero
1283 4667 1466 4733 exadverso
1497 4665 1562 4732 fuit
1592 4663 1713 4746 liquido
1744 4683 1829 4730 com-

177 4776 363 4854 probatum,
394 4776 477 4854 quod
510 4776 653 4840 decanus
687 4781 720 4840 et
751 4774 930 4858 capitulum
955 4775 1093 4843 ecclesie¹
1115 4780 1229 4841 sancte
1254 4774 1359 4840 Marie
1383 4781 1416 4839 et
1440 4773 1530 4839 beati
1555 4770 1691 4855 Georgii
1714 4789 1830 4837 recou-

176 4881 348 4946 venientes
372 4885 405 4945 et
428 4880 572 4962 ipsorum
597 4880 736 4947 ecclesia
759 4879 884 4948 luerint
907 4883 939 4949 in
965 4883 1103 4965 pacifica
1119 4882 1325 4965 possessione
1342 4878 1424 4948 seub
1446 4879 1540 4962 quasi
1556 4881 1767 4961 quorundam,
1792 4883 1829 4941 ut

177 4989 321 5071 ipsorum
345 4987 456 5054 verbis
479 4993 620 5062 utamur,
646 4989 874 5070 obsequiorum
898 4989 961 5056 sibi
977 5011 997 5056 a
1013 4988 1153 5071 prefatis
1171 5045 1177 5058 .
1193 5042 1199 5054 .
1218 4993 1342 5055 decano
1360 4993 1393 5054 et
1409 4987 1553 5069 capitulo
1570 4983 1705 5052 ecclesie
1722 4982 1830 5050 sancti
1924 5021 1925 5026 κ

177 5094 402 5162 Bartholomei
425 5097 685 5177 prestandorum,
710 5095 863 5163 videlicet
881 5097 1016 5178 quadiu
1032 5096 1193 5164 dominica
1209 5097 1400 5178 palmarum,
1424 5093 1458 5159 iu
1475 5093 1588 5160 diebus
1607 5090 1828 5175 rogacionum,

176 5204 348 5285 utriusque
371 5202 502 5284 letanie,
527 5203 660 5270 maioris
679 5203 831 5270 videlicet
848 5208 880 5269 et
896 5203 1039 5284 minoris
1064 5203 1147 5286 ipsis
1164 5258 1169 5268 .
1186 5256 1191 5268 .
1210 5205 1333 5270 decano
1351 5209 1383 5267 et
1400 5199 1545 5282 capitulo
1562 5197 1698 5265 ecclesie
1715 5203 1829 5264 sancte

177 5311 281 5376 llarie
307 5329 347 5376 ac
370 5310 460 5376 beati
477 5310 612 5393 Georgii
635 5314 676 5376 ad
701 5310 870 5377 ecclesiam
895 5310 1003 5376 sancti
1021 5310 1245 5377 Bartholomei
1267 5307 1483 5388 venientibus,
1508 5305 1606 5371 iidem
1629 5307 1772 5371 decanus
1796 5310 1829 5369 et

178 5417 357 5498 capitulum
370 5417 505 5483 ecclesie
517 5416 625 5483 sancti
635 5417 857 5483 Bartholomei
869 5436 940 5483 curn
954 5416 1000 5483 eis
1013 5415 1309 5500 processionaliter,
1321 5414 1371 5480 ita
1383 5416 1467 5494 quod
1481 5412 1625 5479 scolares
1637 5411 1827 5490 scolaribus

446 5612 472 5659 a)
487 5607 590 5672 Variana
605 5609 768 5660 ,earundenr“.
799 5611 821 5662 h]
839 5608 941 5660 v'ortapc
956 5617 1014 5661 ,ιε’Ι

233 5791 417 5856 *marculae
429 5791 502 5843 1322
518 5789 603 5857 Apu
623 5793 664 5842 ra.
702 5789 802 5842 *1322
819 5789 929 5858 noym
948 5792 989 5840 19.
1027 5786 1223 5842 waramum
1236 5791 1278 5841 ra.
