4414 6402
727 337 798 396 1320
817 335 965 392 November
984 337 1019 392 00
1037 369 1071 378 -
1089 353 1130 393 ca.
1145 335 1222 394 1320.
1738 338 1801 404 125

265 535 415 604 Jebrlict
443 557 488 600 eu
516 535 656 602 Martini
686 537 760 599 siud
789 537 892 617 doside
915 542 935 598 9
958 535 1130 618 Sebillinpe
1152 535 1319 614 Kdlniscb,
1352 537 1443 599 beera.
1466 541 1510 600 30
1533 533 1661 599 Demere
1691 536 1804 598 cruris!

264 643 438 728 Sebilliuye
459 641 618 708 Kdlniscb
644 664 685 706 eu
709 643 888 706 correctura.
934 640 1008 707 Dos
1032 643 1110 723 suist
1133 643 1234 708 bobdll-
1257 643 1324 706 oieb
1346 643 1407 706 das
1430 641 1724 726 Bmeuteuugsrecbt
1746 642 1802 705 der
1910 659 1911 664 ¹

266 754 309 816 im
337 755 518 836 percontere
546 749 633 832 Hofc
664 749 883 833 auspestclltmo
905 749 1087 814 Weiulclter
1118 772 1182 814 cor.
1241 754 1328 814 1320
1351 747 1525 812 November·
1548 755 1592 812 20
1619 747 1711 830 (ΧΠ.
1733 747 1799 812 kal.

267 855 452 940 decembr).

364 997 410 1054 Or.
424 999 512 1069 Pgmt.
549 997 612 1052 Dae
630 995 718 1067 Sieyel
735 997 809 1063 seblt.
847 995 886 1052 St.
901 998 935 1052 A.
951 997 1001 1050 Fr.
1016 997 1114 1051 Bnrlb.
1128 997 1166 1052 St.
1182 997 1235 1052 No.
1248 999 1327 1051 2393.

302 1152 304 1159 Ι
363 1087 598 1152 Gedr.:Reimer,
617 1086 661 1152 ΙΙ,
680 1089 733 1142 201
752 1088 823 1141 acob
841 1087 900 1140 dem
922 1085 995 1140 Or..

150 1394 242 1470 157.
266 1401 379 1488 Kb'm'g
402 1401 540 1486 Mwig
564 1402 646 1487 plebi
669 1402 733 1484 cers
753 1401 861 1466 Baua
887 1401 1065 1482 Gottfre'eds
1085 1401 1123 1465 V.
1148 1423 1206 1466 uon
1221 1400 1376 1484 Eppuleiu
1399 1401 1458 1466 deu
1475 1399 1620 1483 Db'rfern
1637 1402 1801 1466 sectatam

268 1509 335 1574 read
357 1508 560 1574 Delkeubeo'm
583 1507 802 1590 Frcukfurter
822 1508 929 1576 Recte
980 1506 1170 1590 Fraorkfurt,
1198 1515 1284 1573 1320
1307 1507 1514 1573 Decemberd
1537 1509 1594 1592 (ΙΙ.
1613 1527 1688 1574 non.
1707 1509 1800 1590 dec).

364 1649 411 1706 Or.
426 1649 513 1720 Pgnet.
552 1650 697 1718 Mencken,
717 1649 917 1706 Belcbsurcbiu.
974 1721 977 1728 Ι

363 1739 464 1796 Goda:
482 1739 610 1806 docueris,
629 1738 815 1810 Specilegium,
834 1741 903 1806 357;
921 1738 1018 1806 Seuer,
1037 1737 1080 1805 1⁸,
1100 1742 1154 1792 119
1171 1739 1240 1792 uacb
1259 1738 1317 1792 dem
1339 1737 1384 1794 or.
1406 1781 1410 1790 .

368 1827 459 1881 Vera:
478 1827 522 1893 Β.,
541 1827 600 1898 Reg
622 1828 703 1892 Lude
724 1827 777 1883 No.
791 1830 851 1882 426.

149 2123 239 2199 158.
265 2130 340 2198 Dos
369 2131 710 2198 Derrtscbordrusbcus
739 2154 781 2198 eu
810 2133 1072 2199 Saebseabcuseu
1103 2133 1303 2214 beurlcundet
1333 2135 1411 2200 dces
1441 2157 1473 2200 es
1503 2135 1563 2200 olere
1586 2135 1805 2217 Fruobfurter

264 2237 518 2306 Dominilcunem
549 2236 588 2311 ¹lr
618 2239 718 2304 Maru
742 2239 885 2320 jubrlecb
915 2261 975 2305 vom
1007 2239 1129 2306 Giitern
1160 2241 1207 2306 bei
1226 2241 1328 2306 Vubel
1356 2242 1415 2324 fiir
1445 2243 1505 2308 das
1535 2243 1804 2327 Seelgedr'iobtuiss

264 2347 321 2411 der
343 2345 499 2427 Drudela
523 2347 580 2412 der
602 2345 697 2412 Erou
724 2350 826 2412 selues
852 2347 1108 2414 Ordeusbruders
1134 2349 1213 2414 Giso
1238 2370 1297 2414 ooo
1322 2349 1489 2428 Weilbceb,
1514 2351 1687 2434 tiberpebec
1715 2351 1802 2415 uoce.

266 2459 354 2520 1320
376 2452 546 2520 December
572 2457 600 2518 7.
1439 2437 1444 2446 ¹

256 2594 418 2682 Quoniam
441 2614 546 2678 omne,
571 2597 657 2677 quod
682 2595 875 2678 antiquatur
898 2603 932 2664 et
956 2596 1108 2680 senescit,
1132 2617 1234 2680 prope
1257 2597 1427 2664 interitum
1444 2604 1495 2664 est
1512 2605 1545 2664 et
1559 2597 1593 2664 in
1610 2597 1804 2666 oblivionem

148 2700 371 2784 transiluisti
400 2701 503 2769 literis
533 2704 717 2783 roboretur,
742 2701 818 2770 hinc
848 2706 1020 2786 estquod
1050 2723 1111 2771 nos
1142 2702 1249 2770 irater
1271 2705 1471 2771 Bertholdus
1502 2707 1542 2770 de
1566 2704 1696 2772 Buches
1721 2726 1806 2772 corrr-

149 2812 322 2876 mendetor
352 2808 518 2890 ceterique
546 2809 670 2877 iratres
694 2813 807 2878 domus
831 2811 1107 2879 Theutonieorum
1130 2811 1165 2878 in
1189 2812 1416 2880 Sescenhusen
1440 2811 1648 2894 presentibus
1672 2812 1805 2894 scriptis

148 2916 413 3002 recognoscimus
444 2923 478 2983 et
508 2915 636 2999 publice
667 2923 905 3000 protestamur,
938 2921 1022 3000 quod
1053 2917 1215 3003 religiosis
1246 2917 1328 2984 viris
1360 2917 1488 2984 dilectis
1519 2919 1613 2984 nobis
1643 2918 1805 2986 fratribus

148 3023 419 3092 Predicatoribus
449 3026 562 3090 domus
586 3024 903 3108 Frankeufordeusts
934 3045 993 3108 pro
1024 3024 1172 3109 pitancia
1201 3025 1348 3092 dedimus
1371 3025 1458 3092 iusto
1484 3026 1675 3092 donacionis
1698 3027 1804 3110 tytulo

149 3130 316 3200 dimidiam
339 3149 483 3198 marcam
507 3130 715 3198 denariorum
738 3131 892 3216 legalium
917 3138 951 3198 et
972 3133 1131 3200 bonorum
1151 3131 1341 3200 solvendam
1358 3140 1391 3198 et
1408 3132 1650 3214 percipiendam
1668 3133 1805 3218 singulis

149 3238 245 3308 annis
268 3237 303 3305 in
326 3245 522 3320 perpetuum
545 3241 585 3304 de
608 3237 703 3304 bonis
727 3238 860 3321 nostrie,
885 3237 1039 3306 videlicet
1055 3258 1168 3308 manso
1185 3246 1220 3305 et
1236 3239 1368 3306 dimidio
1385 3240 1419 3306 in
1435 3239 1583 3306 terminis
1600 3241 1676 3306 ville
1688 3240 1805 3308 Velwil

150 3343 232 3427 silis
260 3347 303 3412 ad
333 3365 394 3412 nos
424 3365 484 3428 per
513 3365 644 3412 manum
674 3343 782 3412 felicis
813 3345 1056 3412 recordacionis
1087 3349 1250 3428 quondam
1280 3344 1397 3412 fratris
1420 3345 1554 3414 Gisonis
1578 3350 1618 3412 de
1634 3347 1805 3413 Wilebaclr

150 3451 347 3534 devolutam,
372 3458 410 3518 ut
439 3452 474 3518 in
504 3459 672 3534 posterum
695 3451 849 3534 Drudele,
875 3456 1038 3534 quondam
1068 3451 1269 3519 conthoralis
1299 3451 1381 3518 dieti
1404 3451 1519 3520 iratris
1544 3453 1686 3536 Gisonis¹
1713 3455 1805 3520 anni-

148 3557 320 3630 versarius
342 3557 414 3625 dies
438 3557 547 3625 obitus
571 3577 643 3626 cum
668 3565 768 3626 centu
791 3565 993 3626 mortuorum
1018 3559 1113 3626 iuxta
1136 3559 1405 3626 consuetudinem
1429 3559 1578 3626 ordinum
1601 3560 1747 3641 ipsorum
1771 3563 1804 3626 in

149 3663 264 3748 vigilie
298 3663 542 3748 purificocionis
571 3667 669 3732 beate
698 3662 838 3748 uirginis
869 3668 911 3731 ab
940 3664 1021 3748 ipsis
1051 3664 1213 3732 iratribus
1243 3665 1511 3733 Predioatoribus
1543 3666 1637 3732 annis
1668 3667 1806 3750 singulis

149 3777 310 3853 perpetuo
341 3777 532 3858 peragatur.
579 3772 651 3838 Hoc
680 3771 865 3847 interiecto,
891 3775 986 3854 quod,
1012 3773 1041 3838 si
1070 3772 1193 3856 prefati
1224 3770 1347 3838 iratres
1370 3772 1600 3838 Predioatores
1624 3773 1806 3840 huiusmodi

149 3877 234 3944 diem
258 3876 521 3944 anniversarium
545 3877 684 3945 termino
707 3878 773 3944 iarn
797 3878 884 3946 dioto
903 3879 957 3947 vel
971 3877 1061 3946 infra
1077 3886 1151 3946 octo
1167 3879 1237 3945 dies
1253 3883 1467 3961 precedentes
1483 3886 1542 3945 aut
1558 3880 1804 3962 subsequentes,

149 3991 186 4051 ut
214 3983 401 4067 predictum
431 3990 493 4065 est,
517 4003 582 4054 uon
613 3984 802 4068 peregerint
832 3984 886 4052 vel
909 3985 1091 4068 predictam
1115 3983 1282 4051 dimidiam
1304 4004 1449 4051 maroam
1473 3987 1615 4052 vendere
1640 3992 1696 4050 aut
1721 3985 1806 4052 alias

150 4090 300 4157 alienare
324 4089 600 4172 attemptaverint
624 4110 697 4157 cum
720 4091 848 4173 ellectu,
873 4094 958 4173 quod
975 4091 1061 4158 omni
1077 4091 1508 4158 submota'eoutradictioue
1525 4090 1807 4173 prefatadimidia
1940 4175 1941 4178 Ἴ

111 4205 113 4208 ’
149 4217 262 4264 marca
286 4199 329 4262 ed
353 4215 468 4262 manus
492 4204 624 4264 nostras
647 4197 749 4264 libere
773 4205 961 4266 revertetur
984 4203 1024 4266 de
1046 4199 1120 4282 ipsa
1144 4198 1337 4281 disposituri
1361 4218 1420 4281 pro
1444 4205 1556 4264 nostre
1579 4199 1676 4264 libitu
1692 4201 1831 4266 volun·
1939 4179 1941 4192 ¹

149 4303 241 4372 totis.
289 4303 337 4370 Ut
367 4321 446 4386 ergo
477 4301 610 4385 prelata
634 4303 772 4375 donacio
796 4305 947 4372 stabilite
963 4312 1174 4388 permaneat,
1199 4312 1385 4388 presentem
1410 4305 1559 4372 cedulam
1582 4306 1668 4371 dicte
1693 4309 1806 4373 domus

149 4417 263 4475 nostre
286 4408 394 4493 sigillo
418 4411 647 4477 communitam
671 4410 907 4494 prenominatis
930 4409 1092 4479 iratribus
1107 4413 1374 4479 Predioatoribus
1397 4416 1512 4479 damus
1535 4410 1568 4477 in
1586 4411 1805 4479 testimonium

149 4516 394 4598 premissorum.
442 4517 565 4582 Datum
590 4537 676 4585 anno
701 4517 824 4584 domini
848 4521 963 4600 1320‚·
982 4518 1017 4585 in
1041 4526 1162 4587 octavo
1184 4519 1276 4586 beati
1298 4521 1430 4586 Andree
1454 4518 1603 4601 apostoli.

367 4657 509 4725 Absoluta
527 4659 558 4713 iu
576 4659 877 4714 Domiuilcauerbdcber
896 4661 982 4715 No.2
999 4659 1020 4726 f.
1039 4664 1073 4715 56
1093 4661 1116 4714 b.
1153 4661 1192 4714 St.
1205 4661 1241 4715 A.
1255 4661 1305 4715 Fr.

366 4747 519 4803 Erudbut:
537 4748 743 4818 Niedermayer,
763 4751 823 4804 150.
1229 4737 1241 4756 ‘¹

367 4835 422 4890 Die
441 4835 657 4908 Gegmurkuode
680 4837 729 4891 der
748 4837 950 4894 Domiuilcauer
973 4835 1088 4908 („lroter
1107 4836 1260 4892 Richardus
1286 4838 1396 4907 prior“),
1417 4842 1487 4892 1320
1506 4839 1574 4893 olene
1596 4839 1664 4906 Tap,
1684 4839 1806 4892 erwdbat

420 4930 487 4980 molt
511 4926 560 4980 der
584 4927 682 4982 halben
706 4926 791 4981 Marb
816 4927 890 4993 „tria
914 4927 1016 4982 ootalia
1039 4924 1178 4995 siliginie“
1202 4943 1256 4982 oon
1280 4927 1420 4982 desselben
1445 4927 1559 4982 &utera
1604 4926 1745 4991 Abcobrist
1769 4927 1807 4980 im

420 5014 918 5084 Daucuordene-Doucmeuaouco,
936 5015 976 5070 St.
989 5017 1024 5071 A.
1038 5015 1184 5084 &uulgare
1204 5046 1238 5056 —-
1256 5016 1316 5070 Von
1334 5017 1496 5071 Natbueius.
1609 5057 1616 5071 .

85 5381 87 5384 -
152 5319 244 5399 150·
269 5328 344 5396 Dae
366 5331 411 5396 st
433 5319 675 5412 Lcooberdstift
705 5329 905 5410 beurbuudct,
936 5331 1013 5396 dass
1046 5329 1199 5394 Adelbcid
1228 5349 1297 5392 eom
1327 5329 1480 5394 Rebstoclo
1510 5331 1577 5394 eice
1604 5329 1734 5394 Vllcoric
1764 5352 1806 5394 cu

270 5437 387 5502 diesem
409 5437 504 5518 Seifu
533 5437 703 5522 begrr'c'udet
732 5438 820 5518 bobo,
844 5438 939 5502 deren
963 5436 1288 5502 Prusentctiousrecbt
1310 5437 1372 5515 ihr,
1396 5437 1479 5501 uocb
1502 5437 1600 5500 ibrum
1627 5436 1710 5500 Todo
1733 5438 1807 5500 oder

268 5545 348 5609 swei
369 5549 547 5627 pensantem
566 5542 777 5608 Verrouudleu
798 5544 873 5638 ecod⁴
886 5544 981 5608 deren
1003 5543 1239 5608 Nocbbommen
1260 5543 1407 5607 eustebeu
1430 5544 1498 5608 soll.
1548 5542 1616 5606 Zur
1631 5543 1806 5626 Stoberuug

268 5652 328 5714 der
341 5649 520 5731 Embdufte
534 5671 594 5714 voa
613 5649 749 5714 &Marde
758 5649 901 5730 jdbrlicb
917 5649 1014 5714 sollers
1032 5649 1133 5715 Giiter
1147 5670 1188 5714 eu
1206 5647 1449 5732 Preuugeeboim
1466 5649 1585 5712 dienen.
1612 5649 1675 5732 [cc.
1691 5645 1804 5729 1320.]

421 5845 445 5892 e)
459 5839 508 5890 So!
