4416 6414
842 329 911 383 rem
930 326 1141 384 maumas·
1269 356 1272 361 ·
1772 329 1818 394 45

154 529 379 612 parrochialis
410 528 551 595 ccclesia
580 527 660 594 dicti
689 527 753 594 loci
775 524 1108 606 Frankenferdensis
1133 523 1225 590 cuius
1257 523 1388 590 collatio
1419 530 1452 590 et
1482 522 1622 590 rectoris
1645 525 1688 589 ad
1710 522 1818 604 ipsam

155 636 327 703 institutio
346 637 372 722 ll
389 639 431 702 ad
450 635 557 717 ipsum
575 687 581 700 .
600 634 801 716 prepositum
818 634 918 698 libere
936 639 969 698 et
985 631 1080 714 pleno
1096 630 1167 697 iure
1184 636 1336 712 spectare
1351 629 1542 711 dinoscitur,
1567 628 1617 695 bis
1633 630 1815 712 vacaverit,

152 747 245 810 unde
258 763 318 809 nos
330 743 434 825 primo
447 741 851 825 magistrumWyckerum,
866 742 1028 821 quondam
1040 739 1214 820 plebanum
1226 737 1356 820 ibidem,
1370 743 1404 804 ct
1417 734 1609 803 secundario
1622 735 1815 820 magistrum

154 850 340 934 Sybridurn,
364 869 451 915 nunc
477 855 639 914 rectorem
659 847 795 914 ecclesie
816 847 898 914 dicti
916 846 980 913 loci
1000 845 1327 927 Frankerfardenets,
1355 844 1524 911 ecclesiam
1548 842 1749 909 instituimus
1773 845 1815 908 ad

153 960 306 1024 eandem.
353 957 400 1022 ut
422 955 501 1037 quia
524 975 564 1022 cx
588 955 648 1021 tali
664 960 779 1021 nostra
794 953 1001 1020 institutione
1017 971 1131 1018 curam
1147 958 1180 1018 et
1196 951 1341 1035 regimen
1358 949 1463 1017 tocius
1480 949 1626 1031 predicte
1642 949 1814 1031 parrochie

154 1069 368 1146 receperunt,
393 1063 483 1145 ipsus
507 1063 594 1128 clero
619 1068 653 1128 et
668 1062 788 1144 populo
805 1061 1113 1143 Fraukenserdeasr‘,
1138 1065 1176 1123 ut
1192 1058 1239 1124 eis
1255 1065 1413 1139 tanquam
1428 1056 1516 1124 veris
1532 1056 1682 1138 plebanis
1696 1055 1816 1122 ibidem

152 1171 189 1238 in
207 1170 359 1238 omnibus
375 1169 555 1250 obedirent,
572 1168 800 1236 mandavimus
817 1165 1011 1249 presentari.
1043 1165 1082 1231 In
1100 1165 1192 1231 cuius
1208 1165 1257 1231 rei
1274 1163 1495 1231 testimonium
1512 1163 1655 1246 sigillum
1667 1169 1816 1229 nostrum

157 1279 314 1344 duximus
342 1276 464 1343 litteris
493 1276 701 1359 presentibus
725 1277 983 1359 appendendum.
1031 1274 1155 1340 Datum
1177 1274 1367 1354 Wormarr'e,
1393 1292 1478 1338 anno
1503 1270 1626 1337 damini
1648 1269 1816 1336 millesimo

155 1405 227 1451 ecc.
250 1365 332 1466 xi,
357 1385 392 1451 in
416 1384 468 1450 die
491 1383 583 1450 beati
606 1383 792 1450 Clementis.

377 1517 422 1573 Or.
437 1519 526 1588 Ppmt.
564 1517 626 1572 Dae
644 1517 821 1586 obbauqeade
839 1516 926 1588 Sieqel
944 1515 981 1570 ist
998 1515 1076 1568 erare
1096 1514 1256 1584 beseleddiqt.
1294 1513 1334 1568 St.
1348 1514 1382 1566 A.
1398 1513 1448 1566 Fr.
1463 1512 1561 1566 Barth.
1576 1511 1617 1566 St.
1630 1511 1683 1566 No.
1697 1514 1758 1566 474,

378 1607 479 1661 bleda:
497 1608 541 1674 B,
560 1610 616 1662 417
631 1607 701 1661 uach
721 1605 777 1660 dem
801 1605 873 1662 Or..

154 1813 225 1888 40.
252 1820 321 1886 Der
344 1822 522 1888 Sebelasler
536 1820 651 1898 Jacob,
675 1821 731 1885 der
746 1820 906 1904 Mupr'ster
923 1819 1071 1902 Wpurrd,
1091 1817 1220 1883 Kautor
1238 1839 1296 1884 voa
1310 1819 1355 1884 st
1373 1817 1621 1902 Morierepredert
1640 1820 1675 1880 ire
1691 1815 1814 1894 Maiae,

250 1930 317 1993 rrrrd
332 1929 388 1994 der
401 1927 595 1994 Karouibas
611 1949 671 1992 vora
687 1927 908 2006 Nordbaaseu,
927 1925 1093 1991 Herurarm
1109 1947 1169 1990 vora
1182 1923 1381 2010 Escbweye,¹
1397 1925 1592 1990 eutsebeidert
1607 1925 1657 1989 uls
1672 1924 1815 1988 Sebieds-

249 2037 365 2102 riebler
387 2037 447 2101 deu
462 2037 557 2101 Strer't
578 2035 735 2100 ereiscbra
757 2035 826 2100 dem
841 2033 1034 2112 Decbcutere,
1059 2033 1129 2098 deur
1143 2030 1275 2113 Kapitel
1297 2031 1363 2096 aad
1386 2032 1446 2096 deu
1461 2031 1596 2095 Vibareu
1618 2031 1672 2095 des
1688 2029 1817 2095 Frarrb-

249 2143 355 2224 farier
378 2142 735 2223 Bartholbruaeusstifts
758 2143 822 2224 auf
842 2143 899 2206 der
921 2145 1020 2219 riuus,
1044 2141 1110 2204 aad
1129 2139 1290 2223 Muyr'ster
1305 2138 1476 2223 Sieqfrr'ed,
1500 2139 1570 2203 derra
1585 2137 1725 2219 Psarrer
1747 2138 1816 2202 der·

249 2250 353 2315 selben
368 2248 497 2329 Kirche,
515 2249 580 2331 ares
592 2250 649 2315 der
664 2250 787 2315 andare
802 2249 891 2331 Seite,
908 2249 985 2314 r'r'ber
1000 2247 1050 2312 dr'e
1065 2246 1180 2312 Reebte
1195 2247 1251 2312 der
1268 2245 1411 2327 Pforret'.
1467 2250 1552 2310 1315
1569 2243 1745 2310 November
1761 2250 1814 2310 29.

250 2384 292 2449 In
323 2381 451 2449 nomine
481 2380 613 2464 damini,
646 2401 748 2448 amen.
796 2383 959 2466 Magister
982 2383 1129 2450 Jacobus
1159 2379 1354 2448 scolasticus
1384 2386 1418 2447 et
1446 2378 1605 2462 magister
1622 2379 1815 2463 Wigandus,

158 2497 280 2555 cantur
304 2488 441 2556 ecclesie
466 2494 581 2555 sancte
597 2488 702 2555 Maria
726 2491 769 2554 ad
785 2491 918 2556 Gradus
933 2489 1133 2574 Magantine,
1158 2508 1284 2556 necnon
1307 2486 1467 2571 magister
1482 2486 1692 2552 Hermannas
1708 2485 1816 2552 dictos

157 2600 200 2662 de
216 2596 502 2680 Eschenellwege,
528 2594 706 2662 canonicus
730 2596 865 2662 ecclesie
882 2598 1127 2677 Northusensr's,
1153 2594 1281 2676 arbitri,
1307 2594 1534 2675 arbitratores,
1553 2611 1610 2659 seu
1626 2592 1816 2660 amicabiles

158 2703 398 2786 compositores
434 2701 530 2768 electi
565 2709 599 2768 et
633 2701 784 2784 deputati
817 2703 905 2768 inter
939 2709 1052 2786 partes
1085 2700 1329 2784 infrascriptos
1364 2702 1407 2767 ad
1435 2700 1662 2767 universorum
1693 2699 1816 2766 Christi

156 2809 302 2876 bdelium
326 2817 393 2875 tam
418 2807 618 2890 presentium
643 2827 739 2889 quam
755 2809 782 2895 (l
801 2807 986 2876 futurorum
1010 2810 1158 2876 volumus
1182 2807 1338 2875 noticiam
1362 2807 1545 2890 pervenire,
1571 2809 1667 2888 quod,
1693 2825 1765 2872 cum
1781 2805 1815 2870 in

157 2915 301 2982 ecclesia
325 2914 638 2981 Frankenvordensi
670 2922 783 2982 exorte
815 2923 926 2982 essent
950 2915 1138 2998 questiones
1162 2915 1249 2982 inter
1275 2967 1306 2980 ..
1332 2918 1490 2981 decanum
1516 2920 1548 2979 et
1573 2912 1753 2995 capitulum
1776 2932 1815 2978 ac

157 3022 304 3090 vicarios
328 3022 471 3088 eiusdem
489 3020 624 3087 ecclesie
642 3041 683 3088 ex
698 3041 773 3103 nna,
799 3030 831 3089 et
848 3023 1044 3107 magistrum
1060 3025 1088 3110 N
1109 3021 1293 3106 Syliridum,
1319 3021 1493 3104 plebanum
1507 3020 1637 3103 ibidem,
1663 3041 1703 3086 ex
1720 3025 1815 3102 parte

158 3130 278 3210 altera,
304 3149 403 3210 super
431 3127 559 3194 iuribus
590 3128 764 3210 parrochie
795 3136 829 3196 et
853 3129 1152 3212 consuetudinibus,
1177 3149 1304 3196 necnon
1329 3149 1427 3212 super
1451 3128 1643 3210 quibusdam
1668 3124 1816 3194 articulis

156 3236 244 3304 facti
273 3236 338 3302 sihi
367 3235 507 3302 invicem
537 3233 571 3300 in
600 3237 714 3300 eadem
745 3235 885 3302 ecclesia
915 3237 1140 3319 observandis,
1173 3239 1305 3303 taudem
1335 3239 1377 3302 ad
1409 3235 1670 3302 exhortationem
1702 3239 1735 3300 et
1766 3233 1816 3299 in-

158 3344 347 3410 ductionem
377 3341 550 3408 reverendi
579 3341 612 3407 in
637 3341 767 3408 Christo
791 3343 897 3424 patris
921 3363 960 3408 ac
984 3343 1105 3410 domini
1128 3343 1243 3424 nostri,
1270 3342 1391 3410 domiui
1413 3345 1460 3424 P,
1487 3349 1602 3408 sancte
1625 3340 1816 3424 Mogontine

158 3451 249 3518 sedis
282 3447 533 3531 archiepiscopi,
560 3500 566 3512 .
593 3501 599 3513 .
625 3450 778 3531 decanus,
805 3502 810 3514 .
839 3501 844 3512 .
871 3448 1050 3531 capitulum
1083 3457 1117 3516 et
1149 3449 1266 3517 vicarii
1298 3448 1439 3531 predicti
1471 3449 1506 3514 in
1539 3468 1589 3514 me
1621 3446 1815 3530 magistrum

158 3559 369 3642 tifigandum,
388 3608 394 3620 .
415 3609 421 3620 .
440 3561 617 3637 cantorem,
643 3561 677 3621 et
699 3555 858 3638 magister
882 3556 1041 3640 Syliridus
1065 3554 1216 3638 prelatus
1239 3557 1274 3622 in
1297 3576 1347 3622 me
1371 3555 1565 3640 magistrum
1580 3555 1813 3634 Hermannum,

158 3675 329 3747 tamquam
358 3662 392 3729 in
423 3661 576 3742 arbitros,
603 3660 831 3742 arbitratores,
857 3682 915 3728 seu
946 3663 1135 3729 amicabiles
1166 3663 1400 3745 compositores
1424 3682 1483 3744 pro
1508 3660 1695 3728 decidendis
1719 3659 1816 3726 dictis

158 3771 386 3854 questionibus
417 3767 603 3836 voluntarie
635 3775 881 3852 consenserunt,
906 3767 1057 3851 prelatus
1081 3790 1160 3837 vero
1185 3770 1333 3836 dominus
1356 3771 1392 3836 P.
1419 3819 1451 3836 ..
1477 3767 1743 3851 archiepiscopus
1766 3786 1816 3832 me

158 3879 354 3963 magistrum
377 3877 401 3943 J
403 3878 549 3958 acobum,
582 3875 792 3942 scolasticum
823 3881 1042 3958 prenotatum,
1075 3877 1169 3943 duxit
1200 3876 1378 3944 eisdem..
1405 3875 1540 3943 arbitris
1569 3896 1609 3942 ex
1633 3874 1736 3942 officio
1760 3876 1817 3940 ad-

157 3987 368 4068 iungendum,
394 3989 493 4066 prout
514 3983 549 4049 in
572 3981 687 4049 litteris
711 4002 811 4064 super
835 3984 1068 4065 compromisso
1091 3983 1276 4051 huiusmodi
1300 3981 1461 4051 coniectis
1485 3989 1518 4050 et
1542 3981 1648 4066 sigilla
1673 3979 1816 4047 eiusdem

158 4091 283 4158 domini
312 4091 417 4156 nostri
447 4089 686 4172 archiepiscopi
715 4089 890 4172 roboratis,
923 4090 1050 4172 plenius
1081 4089 1294 4158 continetur.¹
1346 4091 1413 4156 Nos
1443 4089 1555 4171 itaque
1586 4086 1815 4171 corapromisso

158 4197 346 4266 huiusmodi
369 4200 411 4263 ad
434 4199 625 4263 mandatum
649 4195 791 4278 predicti
814 4196 934 4262 domini
958 4197 1064 4264 nostri
1088 4197 1327 4280 archiepiscopi
1342 4197 1529 4283 Mogontint
1543 4197 1578 4262 in
1594 4215 1654 4262 nos
1671 4200 1813 4276 recepto,

157 4307 222 4372 lide
259 4323 317 4386 per
351 4323 411 4369 nos
446 4301 611 4384 corporali
646 4302 788 4385 prestita
821 4302 855 4368 in
890 4323 1005 4370 manus
1038 4305 1182 4372 eiusdem
1214 4305 1335 4372 domini
1366 4357 1372 4370 .
1403 4357 1408 4370 .
1440 4301 1695 4386 archiepiscopi,
1730 4302 1815 4383 quud

158 4411 349 4494 questiones
380 4408 583 4492 prescriptas
614 4409 648 4476 in
678 4408 827 4476 amicicia
857 4411 909 4478 vel
940 4410 974 4476 in
1003 4411 1074 4478 iure
1105 4413 1298 4478 deberemus
1323 4418 1400 4478 ante
1424 4409 1546 4478 festum
1569 4408 1660 4476 beati
1683 4409 1815 4474 Andree

158 4514 323 4601 apostoli⁸
347 4515 494 4598 proximo
525 4523 701 4583 venturum
724 4515 869 4583 finaliter
892 4517 1079 4600 terminare,
1105 4519 1232 4586 vocatis
1255 4518 1359 4603 igitur
1381 4539 1441 4601 per
1465 4537 1523 4584 nos
1548 4518 1590 4584 ad
1614 4515 1719 4582 nostri
1743 4533 1816 4597 pre·

157 4625 305 4693 sanciam
334 4625 486 4706 partibus
517 4625 695 4692 antedictis
726 4632 760 4692 et
788 4625 966 4708 propositis
990 4645 1049 4708 per
1071 4625 1162 4709 ipsas
1185 4625 1308 4693 mutuis
1331 4623 1549 4708 peticionibus
1572 4623 1648 4690 hinc
1672 4629 1706 4688 et
1728 4621 1814 4703 inde,

156 4731 428 4815 responsionibus
452 4735 493 4799 ad
518 4735 650 4800 easdem
674 4731 869 4815 subsecutis,
895 4731 1047 4799 admissis
1072 4731 1171 4800 etiam
1191 4731 1273 4814 ipsis
1289 4731 1440 4816 partibus
1457 4735 1499 4799 ad
1516 4732 1721 4814 probandum
1737 4749 1815 4796 suas

156 4837 363 4906 intenciones
394 4846 428 4907 et
458 4839 629 4923 proposita
658 4839 733 4906 hinc
765 4840 907 4923 atinde,
933 4859 972 4908 ac
996 4839 1139 4923 receptis
1163 4839 1314 4922 testibus,
1340 4859 1420 4921 quos
1445 4840 1555 4905 eedem
1579 4843 1693 4920 partes
1717 4855 1816 4918 super

155 4947 228 5014 suis
252 4945 493 5013 intentionibus
513 4944 691 5013 fundandis
708 4946 890 5029 producere
905 4948 1090 5030 voluerunt,
1109 4945 1222 5028 eisque
1238 4945 1436 5012 examinatis
1453 4943 1637 5028 diligenter,
1655 4942 1815 5023 dictisque

156 5056 345 5122 carneadem
368 5053 503 5120 testium
526 5053 671 5120 redactis
689 5052 723 5120 in
740 5052 874 5136 scriptis
890 5061 924 5120 et
940 5053 1061 5120 eisdem
1078 5052 1265 5136 publicatis,
1291 5050 1445 5118 exhibitis
1460 5051 1595 5134 insuper
1612 5070 1652 5117 ex
1668 5056 1764 5133 parta
1781 5105 1788 5118 .
1807 5101 1813 5114 .
1899 5068 1903 5077 ·

155 5159 278 5227 decani
308 5166 341 5226 et
371 5158 532 5242 capituli⁸
555 5158 778 5240 predictorum
802 5160 995 5242 quibusdam
1018 5159 1246 5227 instrumentis
1270 5179 1328 5242 pro
1353 5178 1414 5226 sua
1436 5157 1622 5225 intencione
1646 5156 1816 5223 fundanda

426 5287 451 5332 a)
464 5279 603 5326 Verbeerert
616 5294 662 5325 auc
676 5281 846 5336 ,capitulum“.

213 5373 223 5407 ¹
242 5373 294 5428 „lm
313 5378 355 5429 10.
369 5374 520 5429 November
538 5375 608 5428 1315
627 5372 703 5441 (ΙΙΙΙ.
716 5373 779 5427 idus
797 5373 961 5441 novembris)
1015 5390 1060 5428 am
1078 5378 1120 5428 11.
1136 5373 1284 5428 November
1297 5372 1357 5442 (Ill.
1371 5371 1433 5426 idos
1452 5369 1615 5440 novembris)
1629 5371 1682 5425 dea
1694 5369 1815 5424 Sebieds-

155 5463 359 5518 erumnam
382 5463 428 5517 die
452 5461 665 5517 Sebiedsrt'cbter
689 5461 740 5528 [ὒν
765 5463 817 5516 dea
841 5462 961 5528 Psarrer
1015 5464 1115 5532 apracb
1129 5463 1176 5516 dee
1188 5462 1506 5532 MupietersHmnaau,
1519 5461 1581 5515 ad.
1594 5463 1664 5514 1269
1676 5460 1816 5526 Mdrr28,

154 5553 201 5608 die
224 5552 355 5608 Urlraude
379 5552 425 5606 des
442 5551 752 5617 ErabiacbofsWeruer
776 5569 829 5606 oon
853 5551 960 5618 Moira,
1015 5553 1065 5622 aql.
1085 5552 1140 5606 Bd.
1159 5551 1180 5604 Ι
1199 5552 1252 5606 No.
1272 5553 1334 5606 290.
1390 5549 1545 5616 (Abecbrist
1566 5551 1597 5604 in
1618 5546 1816 5612 Barea-Sau-

154 5643 182 5696 d.
196 5642 222 5695 d.
237 5641 305 5707 Hos
313 5641 430 5706 Weiber,
449 5644 523 5696 1268
539 5641 603 5695 Mai
616 5645 659 5710 12,
678 5642 728 5712 aql.
739 5641 793 5695 Bd.
804 5641 825 5694 l
834 5641 888 5696 No.
898 5643 959 5695 281.
1015 5642 1132 5707 Barber,
1152 5641 1229 5696 Scede
1240 5641 1266 5710 I,
1280 5641 1334 5694 No.
1343 5637 1398 5694 22⁶
1410 5640 1430 5704 f.
1444 5642 1498 5705 74)
1536 5637 1547 5670 '
1561 5639 1619 5709 Vpl.
1630 5639 1695 5692 oben
1710 5637 1762 5690 Nc.
1771 5640 1814 5689 30.

154 5731 219 5797 (Or.
233 5729 322 5802 Ppmt.
360 5730 524 5801 basseya
536 5731 759 5786 Hermuumuou
771 5731 962 5802 Eecbwepet'st
1015 5729 1116 5785 '1315
1133 5729 1282 5786 November
1297 5734 1340 5786 30.

152 5821 279 5875 mendich
292 5821 422 5876 erballen.
456 5819 495 5875 st.
509 5820 544 5874 A.
560 5819 609 5876 Fr.
623 5821 723 5874 Barth.
740 5819 778 5873 st.
792 5820 846 5875 No.
860 5817 944 5886 362b)
952 5838 962 5887 ;
