4416 6414
806 342 874 416 1314
893 341 1011 398 Ootoher
1030 344 1071 396 22.

105 1288 141 1360 1.
167 1294 283 1378 Kdnr'p
314 1294 447 1360 cottona
479 1316 536 1359 ooo
565 1295 710 1360 Bb'hocca
740 1297 927 1382 verte-undeet
956 1299 1017 1364 rico
1046 1301 1176 1364 Sili-dira
1203 1301 1393 1383 Frcrchfrcrt,
1418 1301 1606 1389 Fricdberp,
1629 1305 1766 1371 boceto

167 1404 237 1468 und
262 1401 467 1469 Gelahousea
489 1403 540 1467 die
562 1403 655 1470 Watt
677 1404 732 1468 des
756 1395 901 1490 Hereops
925 1405 1063 1491 Luchuip
1090 1429 1147 1472 uon
1170 1407 1300 1491 Boperrc
1324 1431 1397 1474 eum
1419 1410 1609 1476 nerveiaco
1626 1411 1763 1498 Kdaiye.

167 1511 234 1576 Bec'
255 1509 443 1590 Froalcftcrt
465 1513 510 1574 ior
532 1509 650 1594 Luper,
676 1516 763 1576 1314
791 1513 920 1578 October
942 1519 995 1577 22.

214 1663 385 1728 Johannes
416 1661 469 1727 dei
498 1660 610 1745 gracia
640 1662 835 1728 Boemorum
866 1670 900 1729 et
929 1664 1125 1732 Polonorum
1156 1685 1214 1732 rex
1245 1687 1284 1732 ac
1313 1667 1612 1752 Lucemburgensts
1645 1689 1762 1737 comes.

104 1767 330 1834 Prudentibus
368 1767 505 1834 viris..
532 1767 694 1850 scultetis
721 1767 747 1842 ll
774 1770 985 1849 ..scabinis
1020 1824 1052 1837 ..
1085 1772 1273 1838 oonsulibus
1304 1780 1338 1840 et
1369 1774 1495 1842 civibus
1527 1775 1561 1841 in
1592 1777 1765 1842 Franken-

105 1874 185 1954 furt,
204 1875 398 1956 Fridhereh,
410 1875 602 1956 Wephlaria
627 1881 660 1940 et
677 1875 903 1958 Gaylnhusen,
931 1877 1057 1944 sincere
1075 1878 1099 1950 li
1118 1878 1181 1944 sibi
1205 1879 1343 1961 dilectis,
1369 1881 1452 1964 regii
1470 1880 1596 1948 favoris
1612 1882 1765 1949 ulieetum

105 1981 293 2048 benivolum
310 1988 344 2048 et
359 1982 531 2048 sincerum.
566 1983 647 2048 Cum
663 1981 732 2048 dies
749 1989 841 2049 certa
858 1984 984 2064 precise
1001 1992 1034 2051 et
1051 1986 1292 2066 peremptorie⁸
1314 1987 1337 2062 ll
1356 1986 1475 2054 fuisset
1491 1993 1578 2071 apud
1591 1991 1765 2056 Franken-

106 2087 173 2153 iurt
206 2092 251 2154 ad
282 2089 468 2174 eligendmn
498 2109 609 2172 regem
639 2089 861 2156 Romanorum
891 2091 1081 2174 assignata,
1114 2093 1384 2160 convenientibus
1415 2095 1584 2162 nobiscum
1615 2104 1649 2162 et
1679 2117 1765 2163 com·

106 2195 303 2276 parentibus
338 2204 372 2262 et
407 2199 449 2262 ad
483 2197 545 2262 hoc
581 2195 791 2280 congregatis
821 2197 1065 2264 venerabilibus
1097 2199 1248 2280 patribus
1280 2201 1417 2267 dominis
1448 2203 1483 2267 P.
1507 2203 1701 2287 Mogentino
1732 2212 1765 2270 et

106 2303 277 2369 Baldrcino
301 2304 500 2371 Treverensi
522 2303 788 2390 archiepiscopis,
814 2323 940 2369 necnon
964 2305 1149 2370 illustribus
1174 2305 1376 2389 principibus
1401 2308 1539 2374 dominis
1556 2311 1765 2378 Woldemaro

105 2411 296 2476 marchione
326 2411 618 2495 Brandehurgensi
653 2419 686 2478 et
717 2411 869 2477 Johanne
900 2411 1029 2478 seniore
1060 2415 1141 2478 dirce
1170 2413 1329 2497 Saxonie,
1361 2415 1484 2482 nostris
1515 2417 1763 2501 coelectoribus,

104 2517 180 2582 aliis
210 2516 341 2582 minime
372 2517 648 2600 comparentibus,
680 2517 842 2584 interesse
873 2519 1113 2600 recusantibus,
1140 2540 1199 2586 nec
1231 2539 1289 2602 pro
1321 2541 1356 2588 se
1386 2522 1604 2605 mittentibus
1630 2543 1669 2589 ex
1701 2543 1764 2604 quo

105 2623 257 2705 plenaria
292 2630 442 2704 potestas
477 2624 667 2692 nominandi
702 2632 735 2690 et
766 2625 908 2708 ehgendi
938 2645 1113 2706 personam
1143 2630 1305 2710 ydoneam
1334 2628 1369 2694 in
1400 2629 1623 2696 Romanorum
1654 2649 1765 2714 regem

105 2751 207 2811 penes
232 2751 291 2796 nos
315 2737 487 2812 presentes
511 2728 707 2813 residebat,b
733 2732 868 2798 vocibus
893 2732 1082 2798 abseneium
1107 2734 1263 2801 extinctis
1280 2755 1342 2817 quo
1360 2739 1401 2802 ad
1418 2739 1555 2802 eandem
1572 2737 1765 2804 electionem

104 2845 228 2903 extunc
259 2845 292 2903 et
323 2837 456 2919 penitus
487 2837 684 2920 annullatis,
715 2838 749 2904 in
778 2839 939 2904 illustrem
971 2839 1149 2922 principem
1181 2843 1345 2908 dominum
1375 2843 1583 2910 Ludewicum
1614 2844 1763 2911 comitem

103 2944 290 3024 palatinum
321 2945 417 3027 Reni,
451 2945 565 3012 ducem
594 2945 757 3026 Bawarie,
788 2945 895 3030 virum
923 2946 1039 3027 utique
1070 2947 1242 3029 providum
1273 2957 1306 3016 et
1337 2949 1619 3033 circumspectum,
1652 2951 1764 3018 divina

102 3051 291 3132 inspirante
315 3051 492 3118 clemencia
516 3059 632 3118 nostra
656 3059 735 3120 vota
759 3052 935 3118 direximus
960 3059 993 3118 et
1017 3053 1123 3136 ipsum
1142 3055 1174 3120 in
1192 3075 1303 3140 regem
1319 3056 1542 3124 Romanorum
1558 3058 1764 3124 concorditer

102 3157 260 3222 duximus
283 3158 474 3241 eligendum.
524 3159 686 3244 Quocirca
710 3158 919 3241 prudentiam
943 3167 1089 3228 vestram
1113 3162 1317 3244 requirimus,
1342 3164 1513 3230 hortamur
1536 3170 1569 3230 et
1593 3164 1764 3248 diligentia

102 3285 173 3344 qua
196 3283 367 3346 possumus
392 3272 425 3331 et
449 3265 656 3347 quantumin
673 3266 767 3332 nobis
784 3272 835 3332 est
852 3268 1049 3334 consulendo
1067 3271 1313 3353 demandantes
1339 3277 1498 3353 quatenus
1515 3271 1619 3338 eidem
1635 3272 1763 3338 domino

102 3371 289 3449 Ludevvico,
315 3378 482 3453 tamquam
505 3372 538 3437 in
555 3373 778 3438 Romanorum
795 3393 905 3457 regem
922 3374 984 3440 rite
1002 3381 1035 3440 et
1052 3377 1258 3442 concorditer
1274 3377 1388 3460 eleeto,
1414 3377 1598 3445 obediatis⁰
1623 3378 1763 3445 fidehter

102 3497 144 3544 ae
172 3478 273 3544 eciam
297 3478 490 3561 intendatis,
516 3479 642 3561 sibique
666 3499 725 3546 vos
749 3487 917 3563 promptos
942 3485 983 3547 ad
1008 3482 1217 3564 beneplacita
1241 3484 1355 3564 quevis
1373 3491 1539 3565 tamquam
1555 3504 1634 3553 vero
1650 3492 1762 3554 vestro

103 3585 235 3650 domino
259 3585 444 3652 exhibeatis
468 3593 501 3652 et
525 3593 671 3668 paratos,
698 3586 745 3652 sic
761 3587 884 3652 nostris
901 3587 1033 3654 monitis
1050 3595 1084 3654 et
1100 3589 1385 3656 exhortationibus
1401 3591 1552 3660 benivole
1568 3597 1761 3674 annuentes

103 3701 141 3758 ut
174 3692 295 3760 vestris
331 3692 524 3775 honoribus,
558 3695 733 3760 commodis
768 3702 801 3760 et
834 3695 1043 3760 libertatibus
1074 3695 1143 3777 ipse
1175 3696 1323 3764 dominus
1353 3717 1412 3764 rex
1443 3705 1477 3764 et
1507 3718 1566 3765 nos
1597 3699 1763 3782 principes

101 3798 302 3882 opportunis
327 3799 528 3881 temporibus
552 3800 723 3866 intendere
746 3802 863 3868 merito
888 3803 1095 3868 delectemur.
1129 3804 1261 3870 ¹Datum
1283 3804 1317 3871 in
1342 3804 1463 3871 eastris
1487 3808 1574 3889 apud
1590 3807 1763 3872 Franken-

100 3905 185 3988 iurt,
221 3885 281 3972 X⁰L
305 3906 477 3974 kalendas
495 3908 690 3974 novembris.
735 3911 831 3975 Anno
862 3909 983 3974 domini
1013 3909 1181 3977 millesimo
1213 3931 1278 3978 coc.
1306 3893 1420 3978 xxiii.
1469 3913 1657 3996 Regnorum
1681 3932 1760 3981 vero

100 4021 296 4080 nostrorum
319 4033 404 4080 anno
429 4021 558 4095 quarto.

272 4147 276 4152 ’
323 4155 369 4212 Or.
383 4157 470 4228 qut.
508 4158 571 4211 Das
590 4159 769 4228 erchanpardc
786 4159 874 4230 Sicpel
892 4159 966 4224 scirit.
1004 4161 1043 4217 St.
1058 4163 1091 4214 A.
1108 4161 1156 4214 ht.
1171 4161 1404 4231 Walcitopsulctco,
1423 4161 1485 4228 ΙΙΙ,
1505 4161 1559 4216 Νο.
1573 4164 1618 4216 2a.

321 4247 428 4302 Glaiclve
440 4247 637 4318 Erlettc'ranpaa
655 4249 719 4302 eiad
732 4249 854 4303 crhaltcn
867 4265 935 4304 uon:
953 4255 982 4314 1)
999 4250 1173 4319 ,Baldroinns
1186 4249 1229 4304 dei
1241 4249 1336 4319 gracia
1348 4257 1444 4304 sancte
1457 4249 1635 4306 Treverensis
1649 4251 1762 4306 ecclesia

374 4335 600 4404 archiepiscopus,
620 4337 691 4390 sacri
703 4337 811 4404 imperii
822 4353 870 4405 per
883 4338 1002 4394 Galliam
1015 4338 1281 4406 archicancellarius
1299 4337 1481 4406 prudentibus
1494 4339 1514 4404 l)
1524 4340 1591 4394 viris
1605 4383 1611 4396 .
1626 4340 1761 4408 scultetis,

373 4423 549 4480 ‚consulibus
576 4441 607 4479 ac
632 4425 863 4482 universitatibus
885 4428 1029 4482 civitatum
1049 4427 1247 4494 Frankeniord‚
1267 4427 1425 4498 Frideberg,
1439 4427 1586 4483 Wetfiaria
1604 4434 1633 4483 et
1647 4429 1668 4495 l)
1681 4429 1762 4498 Geyl-

371 4514 520 4569 lenhousen
540 4514 685 4570 civitatum
703 4515 810 4584 imperii
830 4516 964 4581 fidelihus,
985 4517 1102 4572 salutem
1121 4531 1181 4572 curn
1201 4517 1370 4584 plenitudine
1389 4516 1476 4572 omnis
1492 4516 1580 4574 boni.“
1613 4520 1659 4574 Or.
1674 4517 1760 4587 Ppmt.

371 4605 421 4658 mit
429 4603 506 4673 Spar
518 4605 564 4659 des
576 4606 728 4660 rttclccor'trts
740 4606 955 4676 cathedrttcltea
966 4607 1076 4675 Siepels.
1105 4606 1356 4678 (Woltitopsalctea,
1371 4606 1433 4676 ΙΙΙ,
1447 4607 1500 4662 Νο.
1513 4610 1573 4674 Iu.)
1614 4611 1644 4668 2)
1661 4607 1706 4674 ,P.
1717 4607 1761 4662 dai

372 4694 466 4763 gracia
484 4700 579 4748 sancte
591 4695 754 4764 liognntine
772 4696 844 4750 sedis
864 4695 1090 4764 archiepiscopus,
1110 4695 1182 4749 sarri
1200 4695 1307 4764 imperii
1327 4711 1375 4764 per
1388 4695 1561 4750 Germaniam
1580 4696 1761 4750 archicancel-

371 4780 466 4849 larius,
492 4781 699 4850 prudenls'tibus
725 4782 792 4837 viris
817 4785 845 4836 in
871 4784 1070 4851 Franlrenlord,
1096 4785 1237 4854 Fridherg,
1252 4784 1427 4853 Wetphlaria
1452 4801 1484 4840 aa
1503 4784 1670 4841 Geilnhusen
1695 4785 1761 4840 civi-

372 4875 510 4925 tatum..
530 4871 664 4938 scultetis,
686 4915 712 4927 ..
733 4873 921 4941 conlfsnlibus,
943 4916 969 4927 ..
990 4873 1109 4929 scabinis
1135 4889 1168 4928 ae
1192 4873 1423 4929 universitatibus
1449 4873 1548 4929 civium
1572 4873 1624 4928 sibi
1643 4873 1759 4942 dilectis,

372 4960 490 5014 salutem
510 4967 539 5013 et
556 4961 755 5028 plenitudinem
773 4962 860 5016 omnis
880 4962 967 5016 honi.“
1011 4963 1056 5018 Ο-ν.
1068 4964 1157 5032 Ppoat.
1171 4965 1221 5018 mit
1233 4964 1309 5033 Sprur
1325 4965 1371 5019 des
1383 4964 1534 5019 recreares
1546 4964 1761 5035 anspedritchtea

371 5049 479 5119 Sicpcle.
512 5050 763 5120 (Waltltopautten,
782 5051 844 5120 ΙΙΙ,
865 5052 917 5106 Νο.
936 5055 974 5120 3.)
1015 5057 1044 5120 3)
1061 5052 1216 5120 ,lohannes
1236 5053 1280 5107 dei
1294 5053 1393 5123 *gracia
1409 5052 1526 5107 Saxonie
1544 5053 1600 5107 dux
1618 5051 1760 5121 prudenti-

371 5137 421 5192 bus
449 5139 516 5192 viris
543 5181 571 5192 ..
598 5139 733 5207 scultetis,
762 5183 787 5194 ..
815 5140 942 5209 scabinis,
971 5185 996 5196 ..
1024 5141 1181 5197 consulibus
1209 5158 1241 5196 ac
1269 5142 1498 5198 universitatibus
1520 5142 1539 5208 ‚ll
1559 5140 1703 5196 civitatum
1730 5141 1759 5194 in

370 5227 572 5294 Frankenlurd,
595 5228 736 5298 Fridberg,
753 5229 870 5284 Wetflar
893 5241 921 5285 et
941 5231 1108 5286 Geilnhusen
1134 5232 1186 5287 sihi
1213 5232 1328 5300 dilectis,
1349 5233 1466 5287 salutem
1489 5237 1517 5286 et
1535 5231 1759 5300 planitulldinem

372 5316 458 5372 omnis
485 5317 572 5371 boni.“
621 5319 667 5373 Or.
681 5319 769 5388 Ppmt.
789 5321 838 5374 tait
857 5320 933 5390 Spar
957 5321 1003 5376 dea
1028 5322 1179 5376 rdckrottrto
1205 5322 1419 5394 aafpcdreiclctea
1437 5323 1546 5392 Sicpele.
1585 5321 1758 5391 (Wabltapa

371 5407 459 5474 aleten,
473 5407 535 5474 ΙΙΙ,
550 5407 602 5461 No.
613 5408 673 5474 ab.)
720 5409 747 5474 4)
766 5407 956 5464 Woldemarus
976 5409 1018 5463 dei
1031 5411 1132 5480 ¹gracia
1149 5411 1423 5480 Brandenhurgensis
1441 5410 1561 5465 marchio
1581 5409 1758 5478 dominusque

371 5501 444 5550 terre
468 5496 587 5550 Luzacie
613 5496 793 5562 prudentibus
820 5497 886 5551 viris
912 5487 1047 5566 scultetis,
1071 5498 1197 5566 scabinis,
1217 5499 1375 5554 consulibus
1394 5517 1426 5554 ac
1444 5499 1673 5554 universitatibus
1693 5499 1758 5554 civi-

371 5591 459 5639 tatum
481 5585 507 5638 in
529 5585 727 5654 Fraukenlord,
741 5586 898 5657 Frideherg,
912 5587 1027 5642 Wetflar
1045 5592 1074 5642 et
1086 5587 1262 5654 Gaylnhusen
1280 5587 1333 5642 sibi
1352 5588 1468 5657 dilectis,
1487 5588 1606 5643 salutem
1625 5594 1654 5642 et
1672 5587 1757 5655 pleni-

370 5674 491 5728 tudinem
512 5673 599 5728 omnis
619 5674 706 5728 boni.“
747 5677 887 5740 Abscbrift
905 5677 943 5730 ira
962 5677 1128 5732 stddtisclren
1146 5677 1320 5746 Kopr'clbacb
1340 5679 1360 5732 I
1375 5679 1395 5744 f.
1416 5681 1473 5732 aaa
1492 5679 1545 5734 No.
1560 5683 1619 5732 172.

371 5851 395 5899 a)
410 5849 450 5893 Or.
465 5851 649 5904 ,peremensa
677 5851 701 5904 b)
717 5851 758 5895 Or.
772 5851 948 5904 ,residebant'.
976 5857 997 5902 a)
1014 5852 1055 5896 Or.
1070 5851 1223 5904 ,olridlstist¹

154 5927 324 5972 Franlvturter
338 5928 534 5974 Urhundenbneh
549 5929 577 5973 11.
1633 5928 1648 5980 1
