4416 6414
840 345 909 398 1315
928 343 1079 398 November
1097 345 1121 397 7.
1768 351 1810 412 37

151 542 242 618 quod
265 538 364 606 iidem
389 543 534 608 decanus
558 545 592 606 et
616 540 795 624 capitulum
819 544 859 607 de
882 541 953 608 iure
978 541 1138 608 ‹zosimuni
1162 546 1195 607 et
1219 545 1259 608 de
1283 543 1519 610 consuetudine
1542 543 1690 627 generali
1712 546 1814 612 eccle·

150 645 278 712 siarum
309 647 577 714 conventualium
608 648 754 715 civitatis
786 655 820 715 et
851 652 1001 732 dyocesis
1025 649 1216 732 Mogontine
1246 657 1385 730 possunt
1401 649 1554 732 'corpora
1585 650 1814 718 defunctorum

150 753 380 820 ecclesiastice
405 757 538 822 tradere
562 756 730 838 sepulture
754 762 789 822 et
812 755 1000 823 oblaciones
1024 763 1058 821 et
1079 757 1193 840 legata
1210 763 1244 822 et
1260 755 1423 824 iunerolia
1440 759 1480 824 ab
1498 757 1620 824 eisdem
1636 765 1670 823 et
1685 758 1814 824 nomine

150 863 330 927 eorundem
360 861 518 944 recipere.
572 863 664 930 XIX.
695 865 780 930 Item
809 863 986 930 intendunt
1016 865 1166 945 probare,
1194 867 1279 944 quod
1304 885 1389 930 anno
1414 864 1534 932 domiui
1557 864 1598 932 rb.
1621 861 1681 932 coi.
1704 845 1812 945 XIII,

148 964 184 1030 in
218 967 272 1033 dIe
302 988 483 1050 parasceve
506 971 560 1052 sy.
584 970 743 1052 plebanus
775 970 924 1037 turbavit
956 969 1100 1037 divinum
1132 969 1270 1038 officium
1302 971 1393 1037 chori
1423 977 1455 1038 et
1480 971 1616 1038 ecclesie
1640 973 1814 1039 Franken-

149 1071 319 1140 Iordeusis
349 1075 570 1158 preveniendo
601 1077 635 1143 in
663 1077 886 1144 communione
909 1079 1024 1145 boram
1048 1077 1112 1143 sibi
1136 1081 1176 1144 de
1200 1077 1437 1144 consuetudine
1461 1085 1495 1144 et
1517 1077 1589 1144 iure
1613 1079 1756 1147 debitam
1780 1085 1815 1145 et

149 1177 360 1262 impediendo
383 1184 546 1250 domiuum
573 1237 605 1250 ..
631 1188 790 1252 decanum
814 1185 1054 1252 communicare
1077 1188 1190 1252 eodem
1214 1184 1266 1250 die
1290 1185 1444 1268 populum
1467 1185 1813 1254 Frankeuiordensem

150 1293 186 1350 et
215 1287 362 1356 divinum
385 1289 524 1358 officium
548 1292 726 1374 celebrare,
752 1299 851 1376 prout
875 1295 917 1360 ad
940 1292 1031 1374 ipsos
1055 1345 1089 1357 ..
1115 1295 1274 1358 decanum
1299 1299 1332 1358 et
1358 1343 1390 1357 ..
1416 1292 1596 1374 capitulum
1620 1299 1654 1359 et
1677 1292 1814 1360 clericos

150 1393 300 1462 eiusdem
324 1396 463 1464 ecclesie
486 1401 526 1466 de
551 1399 786 1466 consuetudine
802 1399 940 1480 antiqua
956 1406 990 1464 et
1007 1402 1046 1465 de
1062 1399 1134 1465 iure
1149 1397 1347 1482 pertinebat.
1396 1398 1473 1464 XX.
1497 1399 1582 1466 Item
1599 1402 1684 1479 quod
1701 1402 1813 1466 eodem

150 1520 241 1568 anno
265 1503 317 1570 die
341 1506 464 1587 pasche
486 1504 571 1572 idem
596 1507 756 1590 plebanus
780 1507 929 1574 turbavit
953 1514 987 1573 et
1011 1507 1182 1589 impedivit
1198 1505 1343 1573 divinum
1360 1506 1497 1572 officium
1515 1525 1573 1590 per
1591 1559 1597 1571 .
1617 1559 1624 1572 .
1642 1509 1812 1588 decanum,

150 1609 335 1691 capitulum
366 1619 399 1678 et
430 1613 574 1680 vicarios
604 1614 691 1680 dicte
722 1614 861 1680 ecclesie
892 1615 1122 1680 celebrandum
1154 1617 1369 1696 presumendo
1392 1612 1428 1680 in
1452 1613 1552 1680 altari
1575 1633 1698 1680 summo
1723 1613 1814 1680 chori

148 1715 287 1784 missam
318 1720 487 1786 celebrare
510 1727 544 1786 et
567 1721 713 1787 homines
737 1721 978 1790 communicare
1002 1728 1119 1788 contra
1143 1720 1411 1787 consuetudinem
1435 1719 1522 1786 dicte
1546 1720 1683 1788 ecclesie
1707 1728 1740 1786 et
1763 1720 1814 1786 ius

150 1841 333 1892 commune.
386 1827 481 1894 XXI.
514 1827 598 1894 Item
629 1831 714 1909 quod
745 1827 906 1909 plebanus
936 1827 1179 1894 ordinacionem
1208 1827 1296 1894 inter
1321 1879 1352 1892 ..
1379 1831 1539 1894 decanum
1569 1833 1603 1894 et
1631 1827 1813 1911 'capitulum

148 1929 468 2000 Frankenlordense
499 1941 534 2000 et
564 1937 727 2016 quondam
750 1933 928 2017 Erpertum
958 1935 1134 2016 plebanum
1157 1933 1273 2000 initam
1296 1941 1372 2015 post
1396 1933 1662 2017 compromissum
1685 1934 1719 2000 in
1742 1953 1812 2017 vos,

150 2037 301 2106 dominos
332 2040 588 2124 suprascriptos
620 2039 746 2108 iactum
776 2039 906 2136 minime
936 2042 1139 2124 observavit,
1171 2048 1270 2124 prout
1300 2040 1451 2123 promisit
1481 2061 1592 2108 coram
1624 2041 1752 2108 domino
1779 2093 1811 2106 ..

149 2145 402 2230 archiepiscopo
425 2148 627 2232 Mogontmo.
675 2149 788 2214 XXII.
814 2149 899 2215 Item
930 2151 1014 2230 quod
1046 2148 1117 2231 ipse
1148 2149 1309 2231 plebanus
1340 2149 1382 2214 ab
1414 2167 1452 2214 eo
1477 2155 1633 2230 tempore,
1659 2167 1722 2230 quo
1746 2148 1814 2229 ple-

148 2255 261 2319 banus
302 2253 384 2336 brit,
421 2258 560 2336 quedam
601 2261 758 2322 contenta
797 2255 831 2321 in
876 2259 989 2323 eadem
1029 2255 1239 2322 ordInacione
1280 2253 1443 2336 aliquibus
1479 2254 1575 2322 annis
1610 2255 1812 2322 observavit.

148 2359 304 2426 xxm*
326 2361 411 2426 item
435 2361 612 2428 intendunt
636 2363 788 2445 probare,
814 2366 900 2444 quod
924 2362 1084 2446 magister
1105 2361 1266 2445 syuriuus
1290 2361 1460 2442 predictus
1482 2361 1573 2444 ipsos
1597 2364 1756 2429 decanum
1780 2369 1814 2428 et

149 2465 334 2548 capitulum
364 2468 469 2534 traxit
497 2468 531 2534 iu
563 2487 696 2536 causam
728 2487 839 2536 coram
870 2469 1010 2536 diversis
1040 2469 1203 2534 iudicibus
1234 2467 1406 2534 occasione
1436 2467 1556 2535 iurium
1585 2468 1619 2534 in
1650 2468 1813 2552 peticione

148 2573 299 2656 ipsorum
328 2593 568 2658 expressorum,
593 2574 748 2642 videlicet
772 2594 883 2641 coram
906 2575 1002 2641 vobis
1026 2574 1155 2641 domino
1182 2626 1213 2662 .,
1240 2574 1415 2641 scolastico
1440 2575 1589 2658 predicto
1613 2575 1814 2642 auctoritate

149 2679 242 2746 sedis
262 2680 454 2763 apostolice,
479 2701 607 2748 necnon
623 2701 733 2750 coram
752 2735 758 2746 .
775 2735 780 2746 .
800 2685 923 2748 decano
940 2689 975 2748 et
991 2687 1127 2748 cantore
1144 2680 1355 2762 Cellensz'bus,
1380 2679 1552 2764 iudicibus,
1577 2691 1614 2749 ut
1630 2681 1811 2764 dicebatur,

150 2806 171 2852 a
196 2791 380 2855 reverendo
404 2787 439 2854 in
455 2788 587 2855 Christo
611 2795 708 2870 patre
732 2787 861 2854 domino
888 2841 920 2853 ..
947 2787 1194 2870 archiepiscopo
1219 2786 1397 2869 deputatIs
1444 2787 1594 2855 XXIIII.
1619 2789 1704 2855 Item
1728 2793 1813 2870 quod

148 2892 225 2974 ipse
249 2894 410 2977 plebanus
435 2913 534 2978 super
558 2895 657 2962 dictis
681 2894 807 2961 iuribus
831 2903 954 2962 temere
978 2894 1083 2962 traxit
1106 2894 1141 2960 in
1164 2913 1299 2960 oausam
1324 2945 1356 2958 ..
1382 2896 1541 2962 decanum
1566 2901 1600 2962 et
1625 2949 1657 2960 ..
1684 2895 1813 2977 capitu-

148 2998 219 3066 lum
242 3000 409 3082 predictos
434 3021 545 3068 coram
568 3001 662 3069 vobis
687 3001 815 3068 domino
834 3053 840 3066 .
860 3054 866 3066 .
885 3000 1060 3068 scolastico
1085 3000 1252 3067 antedicto
1277 3005 1311 3066 et
1333 3000 1496 3068 iudicibus
1520 3002 1715 3085 prenotatis,
1741 3023 1814 3070 cum

149 3107 277 3173 nullum
299 3106 350 3173 ius
374 3109 511 3175 baberet
535 3108 569 3175 in
593 3108 707 3190 petitis
730 3107 923 3190 huiusmodi,
949 3115 1048 3190 prout
1072 3107 1248 3190 apparebit
1271 3127 1330 3190 por
1353 3108 1569 3190 probationes
1594 3129 1703 3176 coram
1719 3109 1813 3178 vobis

149 3213 293 3280 dominis
316 3213 453 3280 arbitris
476 3214 645 3296 predictis.
694 3215 801 3281 XXV.
828 3215 911 3280 item
936 3217 1022 3297 quod
1044 3214 1116 3297 ipse
1135 3267 1140 3279 .
1161 3267 1167 3280 .
1185 3215 1346 3297 plebanus
1367 3223 1400 3282 et
1416 3215 1467 3284 sui
1483 3215 1563 3283 socii
1580 3235 1639 3283 suo
1655 3224 1811 3299 tempore,

150 3339 217 3400 quo
241 3321 401 3403 plebanus
424 3321 544 3388 ibidem
568 3322 689 3404 extitit,
714 3328 912 3404 receperunt
927 3321 1041 3405 legata
1057 3321 1214 3402 predictis
1232 3373 1238 3386 .
1258 3374 1264 3386 .
1283 3324 1407 3388 decano
1424 3329 1458 3388 et
1474 3323 1619 3406 capitulo
1636 3327 1814 3390 secundum

149 3434 301 3493 tenorem
331 3447 390 3496 sue
422 3428 596 3510 peticionis
627 3429 750 3496 debita.
797 3429 924 3495 XXVI.
948 3429 1033 3495 item
1062 3431 1148 3509 quod
1171 3427 1356 3496 huiusmodi
1378 3429 1492 3512 legata
1516 3451 1574 3513 per
1599 3450 1654 3497 eos
1677 3437 1814 3513 recepta

150 3537 337 3600 extendunt
359 3555 395 3602 se
419 3540 460 3602 ad
486 3555 644 3603 summam
670 3543 801 3603 centum
824 3555 1011 3602 marcarum
1027 3535 1168 3619 argenti.
1191 3561 1193 3566 ¹
1216 3535 1360 3602 XXVII.
1385 3537 1468 3602 item
1486 3540 1571 3619 quod
1588 3540 1628 3603 dc
1644 3537 1813 3619 premissis

150 3640 303 3706 omuibus
326 3649 361 3709 et
384 3642 524 3727 singulis
548 3650 599 3709 est
622 3643 756 3726 publica
779 3662 843 3710 vox
868 3649 901 3708 et
925 3641 1016 3708 lama
1037 3639 1072 3706 in
1096 3641 1192 3724 opido
1213 3642 1447 3710 Frankeniord
1472 3643 1562 3711 etin
1585 3643 1666 3710 locis
1684 3643 1812 3712 vicinis.

149 3745 387 3815 Protestantur
418 3749 523 3816 eciam
548 3802 580 3816 ..
606 3752 751 3816 decanus
783 3757 816 3816 et
848 3748 1028 3831 capitulum
1059 3749 1246 3831 prescripti,
1271 3753 1357 3831 quod
1387 3770 1453 3816 non
1483 3750 1675 3834 astringunt
1704 3769 1739 3818 se
1770 3753 1812 3817 ad

150 3855 358 3934 probandum
382 3856 491 3924 omnia
515 3865 548 3924 et
571 3857 702 3942 singula
726 3856 895 3939 premissa,
922 3858 980 3923 sed
1004 3859 1045 3922 ad
1070 3875 1110 3922 ea
1133 3861 1272 3937 tantum,
1297 3856 1448 3937 quesibi
1472 3863 1611 3938 prosunt
1634 3860 1675 3926 de
1691 3857 1813 3924 eisdem

150 3980 214 4042 pro
238 3980 300 4028 suo
321 3963 509 4030 intencione
532 3963 712 4034 trudanda.

261 4069 288 4134 Ι.
312 4070 488 4153 Henricus,
518 4072 677 4155 plebanus
708 4071 743 4138 iu
765 4070 964 4152 Petierwilc,
990 4069 1114 4153 prImus
1142 4067 1249 4151 testis,
1274 4073 1454 4152 productus
1485 4072 1544 4136 sub
1576 4090 1661 4138 anno
1692 4071 1814 4138 domiui

151 4174 193 4239 rii.
225 4169 292 4246 cio.
321 4157 506 4260 xb.,vi1.
534 4179 607 4244 idus
646 4177 850 4256 novembris,
890 4197 930 4243 ex
965 4184 1061 4260 parte
1096 4177 1329 4244 dominorum.
1357 4177 1505 4244 decani
1540 4185 1573 4244 et
1608 4179 1745 4260 capituli
1779 4185 1813 4245 et

150 4281 353 4350 vicariorum
383 4284 522 4351 ecclesie
545 4283 879 4367 Frankenlordensm,
904 4283 938 4350 in
969 4303 1081 4366 causa,
1108 4303 1170 4364 que
1198 4284 1287 4350 inter
1316 4283 1407 4365 ipsos
1438 4303 1478 4350 ex
1501 4303 1568 4350 una
1592 4291 1626 4351 et
1650 4285 1812 4352 dommum

154 4387 341 4472 Syiiridum,
374 4390 550 4473 plebanum
573 4389 930 4472 Frankenfordensem,
963 4411 1003 4457 ex
1035 4397 1131 4472 parte
1162 4391 1270 4458 altera
1300 4391 1443 4458 vertitur
1473 4410 1583 4458 coram
1614 4391 1811 4459 dominia..

150 4496 328 4563 scolastico
359 4504 392 4564 et
424 4505 560 4565 cantore
591 4499 728 4566 ecclesie
759 4505 874 4565 sancte
898 4497 1003 4564 llarie
1035 4500 1076 4564 ad
1102 4499 1234 4564 Gradus
1257 4495 1472 4581 moguntinae
1496 4517 1622 4565 necnon
1652 4499 1812 4583 magistro

150 4603 344 4670 Hermanno
375 4606 415 4670 de
438 4605 694 4689 Escheuewege,
727 4604 873 4688 arbitris,
904 4603 1161 4671 arbitratoribus
1192 4624 1250 4670 seu
1282 4603 1509 4672 amicabilibus
1540 4605 1812 4688 compositoribus

152 4728 173 4775 a
199 4711 357 4792 predictis
380 4711 532 4793 partibus
556 4712 679 4794 electis,
704 4712 834 4779 iuratus
858 4719 893 4778 et
915 4699 1094 4792 icquisitus
1118 4729 1217 4791 super
1239 4711 1355 4796 (1-5)
1380 4712 1493 4793 primo,
1519 4715 1672 4794 secundo,
1697 4713 1810 4794 tercio,

152 4823 273 4898 quarto
303 4825 338 4884 et
367 4817 481 4899 quinto
511 4818 661 4885 articulis
690 4818 780 4898 dicit,
813 4817 875 4884 sibi
898 4816 998 4884 nicbil
1022 4822 1175 4884 constare
1199 4820 1240 4883 de
1262 4817 1353 4901 ipsis.
1401 4819 1436 4904 6)
1450 4819 1577 4900 ⁰Super
1592 4799 1649 4885 Vl.
1672 4818 1811 4886 articulo

152 4925 245 5007 dicit,
270 4944 343 4992 eum
366 4943 438 4991 esse
462 4943 575 4992 verum
599 4945 639 4992 ex
663 4924 834 4991 relacione.
883 4924 917 5007 l)
944 4924 1049 5005 Super
1065 4903 1140 4990 vii,
1162 4922 1302 4990 articulo
1327 4923 1416 5007 dicit,
1442 4924 1506 4991 sibi
1528 4927 1568 4991 dc
1592 4945 1630 4991 eo
1647 4933 1810 5008 constare,

152 5035 240 5114 quod
263 5031 334 5114 ipse
357 5031 454 5098 tesIIs
478 5030 542 5097 init
565 5031 703 5098 scolarIs
727 5033 890 5112 quondam
905 5028 1051 5111 Erperti,
1077 5028 1210 5111 plebani
1233 5029 1560 5112 Frankeusordeusis,
1585 5031 1641 5112 qui
1663 5029 1727 5098 luit
1751 5035 1811 5098 sub

151 5137 345 5205 obediencia
368 5138 485 5205 decani
509 5138 646 5205 ecclesie
662 5135 998 5218 Frankenlordensis,
1024 5135 1080 5217 qui
1103 5155 1163 5216 pro
1180 5143 1327 5218 tempore
1343 5135 1418 5218 tuit,
1444 5144 1478 5204 et
1492 5137 1579 5204 vidit
1595 5137 1700 5220 testis,
1726 5143 1811 5220 quod

151 5245 224 5328 ipse
248 5245 412 5328 Erpertus
441 5244 524 5330 legit
554 5253 587 5312 et
618 5244 769 5312 cantavit
798 5251 836 5311 ut
866 5243 952 5310 alter
982 5242 1159 5310 canonicus
1190 5243 1244 5310 vel
1273 5243 1418 5312 vicarius
1448 5244 1482 5310 iu
1514 5245 1612 5311 choro
1637 5251 1671 5312 et
1693 5246 1809 5314 babuit

153 5373 252 5420 onam
282 5372 422 5436 cappam
452 5353 617 5420 choralem
647 5352 824 5434 propriam,
849 5371 946 5432 quam
976 5349 1177 5416 induebatur
1206 5349 1240 5416 in
1264 5348 1516 5432 festivitatibus,
1541 5371 1638 5433 quam
1662 5352 1691 5418 si
1714 5351 1811 5420 testis

153 5460 298 5541 videret,
329 5461 437 5526 adhuc
468 5459 564 5542 dicit,
597 5463 682 5540 quod
712 5461 795 5525 bene
826 5465 1057 5542 cognosceret,
1088 5464 1122 5523 et
1153 5457 1249 5538 dicit,
1282 5460 1368 5538 quod
1399 5457 1521 5524 domini
1545 5509 1577 5524 ..
1603 5460 1747 5525 decanus
1777 5467 1812 5526 et

153 5565 306 5633 canonici
328 5573 361 5632 et
384 5565 504 5632 vicarii
519 5565 662 5647 predicti
678 5584 873 5633 consecrare
889 5570 1132 5631 consueverunt
1148 5563 1346 5645 baptismum
1363 5565 1432 5632 suis
1448 5565 1659 5649 temporibus
1684 5566 1811 5648 palmas

421 5711 446 5757 ι)
460 5705 527 5749 Hter
546 5705 659 5749 actitaret
680 5705 725 5748 dae
745 5708 808 5748 crete
821 5681 896 5751 etati.
913 5705 958 5747 dae
977 5704 1061 5747 sunto
1081 5703 1194 5746 sctttesee
1207 5705 1366 5748 unmtddbor
1380 5718 1420 5748 an.
1450 5705 1474 5756 bt
1489 5696 1552 5749 Uber
1566 5706 1611 5748 der
1624 5706 1697 5749 Zrtle.
1725 5707 1748 5758 c)
1762 5705 1811 5749 Die

376 5776 455 5820 Worte
469 5777 540 5828 ,item
556 5777 711 5828 turiurum,
734 5775 775 5819 dte
790 5776 849 5830 jede
869 5787 931 5819 neue
945 5775 1055 5827 Aussape
1076 5775 1125 5829 aus
1143 5774 1184 5817 dte
1197 5774 1296 5819 Arttlcel
1317 5777 1433 5832 erdffnm.
1455 5777 1513 5820 dud
1533 5777 1661 5820 weiterbr'u
1675 5777 1710 5819 lm
1723 5777 1811 5820 Druck

366 5847 536 5902 sortpelureere
