4416 6414
890 317 957 372 1317
974 316 1082 373 ianuar
1099 318 1142 372 ab.
1793 319 1836 386 65

180 507 246 584 64.
270 515 344 582 Dos
368 515 588 597 Fraalcfroter
611 515 949 597 Bartholomceosstist
972 515 1172 594 beurltaaclet,
1196 515 1274 580 dass
1300 514 1446 594 Gerlach,
1471 516 1527 579 der
1542 515 1677 598 Kopion
1699 516 1753 580 des
1777 538 1837 580 voc

269 625 398 690 Amsolcl
427 643 487 690 con
518 621 689 708 Gleubury
722 626 757 688 ia
791 623 847 688 der
877 623 922 688 st.
946 621 1224 704 Michaelsltcpelle
1252 621 1427 706 pestistetea
1457 621 1834 708 Allerhcih'pen-Altors,

270 729 335 804 2¹la
367 730 468 798 Moab
498 730 676 810 chsaias,
705 731 756 795 dic
784 751 826 794 aa
855 729 971 796 diesem
1001 729 1098 795 Alter
1127 730 1283 814 pehd'rten,
1313 751 1356 794 nrt
1386 729 1531 814 Hcdwiq,
1560 730 1610 794 dic
1631 730 1751 796 ll'ittroc
1780 731 1835 796 des

271 837 446 904 Hontcelos
469 859 528 902 oon
553 837 724 921 Gloriosa
747 837 814 902 aad
832 837 1124 921 Schwicpertochter
1140 834 1293 916 Araolds,
1318 833 1465 918 certauit
1487 837 1554 901 aad
1576 838 1654 902 dass
1677 838 1779 904 dieser
1801 842 1836 903 in

274 944 511 1028 Gemeinschast
533 948 589 1008 mit
607 943 713 1022 Gudo,
738 944 794 1008 der
809 944 981 1010 Scbwcster
996 944 1052 1008 der
1068 942 1242 1008 Mechththi
1258 963 1326 1008 vom
1343 943 1464 1008 Rothcc
1480 943 1600 1023 Haase,
1624 947 1702 1009 aurci
1718 944 1835 1030 Elpen-

271 1052 385 1134 Hafea
400 1073 443 1116 aa
457 1051 615 1118 Solabech
630 1052 789 1116 erworbeo
804 1051 892 1130 habe,
916 1050 1011 1116 deren
1025 1048 1165 1134 Ertrtipe
1180 1049 1262 1114 nach
1279 1050 1382 1116 beidcr
1399 1050 1483 1116 Todc
1498 1051 1568 1116 dem
1583 1051 1679 1117 Alter
1693 1052 1836 1134 sasallera

271 1159 379 1225 sellan.
426 1163 517 1224 1317
537 1158 669 1224 Januer
691 1163 746 1224 20.

288 1301 357 1367 Nos
386 1303 531 1368 decanus
560 1307 730 1382 totumque
754 1299 935 1382 capitulum
958 1298 1096 1366 ecclesie
1119 1297 1408 1382 Franclurdensis,
1434 1299 1697 1384 recognoscimus
1721 1308 1835 1372 tenore

179 1407 384 1491 presentium
417 1408 546 1490 publice
581 1409 777 1490 profitendo,
814 1410 900 1489 quod
937 1407 1113 1489 Gerlacus,
1149 1405 1294 1472 vicarius
1329 1407 1465 1474 ecclesie
1500 1414 1612 1474 nostre
1647 1413 1681 1474 et
1711 1407 1835 1491 primus

180 1516 374 1598 capellanus
398 1515 515 1582 altaris
540 1514 684 1582 dedicati
705 1514 740 1580 in
764 1515 919 1581 honorem
936 1512 1084 1580 omnium
1108 1519 1306 1595 sanctorum,
1330 1513 1365 1579 in
1390 1514 1517 1596 capella
1540 1513 1649 1580 sancti
1664 1513 1835 1582 Michaelis

180 1632 295 1688 nostre
319 1621 457 1688 ecclesie
482 1642 621 1705 annexa,
647 1619 779 1688 fundati
802 1628 836 1687 et
859 1620 967 1688 dotati
990 1639 1048 1702 per
1064 1619 1245 1686 Arnoldum
1268 1618 1392 1688 dictum
1408 1621 1447 1686 de
1464 1620 1647 1705 Glauburg,
1672 1625 1835 1703 quendem

179 1727 285 1796 civem
298 1727 609 1812 Franclurdensem,
624 1732 664 1795 de
679 1734 794 1794 nostro
809 1727 967 1795 benevolo
985 1745 1145 1793 consensu
1162 1731 1195 1792 et
1210 1726 1315 1793 libera
1330 1727 1513 1810 voluntate,
1538 1746 1664 1794 necnon
1679 1729 1835 1796 heredum
1884 1813 1887 1822 Ἰ

181 1834 323 1918 predicti
352 1835 507 1918 Arnoldi,
539 1835 665 1902 scilicet
695 1833 849 1918 loannis,
882 1833 1052 1916 Gipelonis
1083 1840 1117 1900 et
1146 1832 1324 1913 Ludevvici,
1357 1832 1478 1902 civium
1508 1833 1833 1918 Francturdensium,

179 1939 324 2008 fratrum
348 1941 509 2008 dictorum
533 1944 573 2008 de
588 1941 825 2023 Holtzhausen,
851 1959 891 2006 ac
915 1940 1062 2022 aliorum,
1088 1959 1224 2022 quorum
1249 1957 1427 2006 consensus
1451 1942 1494 2006 ad
1518 1939 1740 2022 subscriptum
1759 1961 1833 2009 con·

179 2055 327 2114 tractum
366 2048 573 2116 necessarius
607 2049 799 2130 videbatur,
836 2047 984 2116 vendidit
1024 2047 1110 2113 iuste
1146 2045 1345 2114 venditionis
1381 2046 1479 2113 titulo
1513 2047 1650 2113 honeste
1684 2055 1835 2115 matrone

179 2155 376 2239 Hadowige,
401 2155 516 2222 relicte
539 2159 703 2238 quondam
718 2155 929 2238 Hanzelonis,
954 2154 1013 2222 filii
1034 2154 1175 2237 predicti
1190 2155 1339 2236 Arnuldi‚
1365 2154 1497 2237 suisque
1513 2155 1689 2222 heredibus
1705 2156 1837 2222 tertiam

179 2261 352 2328 dimidiam
380 2281 527 2330 marcam
557 2262 766 2329 denariorum
795 2262 916 2330 levium
940 2261 1041 2328 annui
1065 2280 1183 2328 census
1207 2281 1247 2327 ac
1271 2261 1432 2344 perpetui,
1458 2265 1501 2328 ad
1524 2262 1631 2328 altare
1655 2261 1838 2345 predictum

178 2367 405 2450 pertinentes3
430 2371 513 2436 duas
536 2368 670 2451 inquam
694 2368 841 2436 vendidit
864 2387 995 2436 marcas
1012 2387 1130 2435 census
1146 2367 1247 2434 annui
1263 2371 1303 2434 de
1320 2374 1477 2450 quattuor
1493 2367 1613 2434 marcis
1629 2368 1838 2436 denariorum

178 2473 311 2558 levium,
337 2495 399 2557 que
431 2478 553 2542 dautur
584 2477 703 2544 annuis
734 2475 993 2544 revolutionibus
1018 2495 1057 2541 ac
1081 2474 1252 2557 perpetuis
1276 2475 1478 2557 temporibus
1502 2475 1542 2541 de
1565 2481 1638 2541 tota
1661 2477 1754 2542 domo
1779 2495 1837 2542 seu

177 2600 263 2648 area
285 2582 376 2648 dicta
398 2603 450 2649 zv
473 2585 565 2649 deme
589 2583 686 2650 alden
701 2584 920 2668 Burggraveu
943 2583 997 2650 vel
1020 2581 1107 2648 lorte
1130 2581 1218 2666 Lylii
1240 2585 1403 2663 quondam
1426 2580 1590 2649 aurifabri
1612 2601 1671 2665 pro
1696 2585 1838 2664 quadra-

177 2687 276 2772 ginta
306 2689 426 2756 marcis
457 2689 668 2757 denariorum
694 2689 823 2772 levium,
847 2688 1002 2774 legalium
1026 2695 1060 2755 et
1083 2690 1251 2769 bonorum,
1275 2688 1382 2755 minus
1405 2690 1532 2755 duabus
1556 2687 1675 2756 marcis
1699 2690 1835 2774 levibus,

179 2795 321 2878 pecunie
345 2789 526 2878 numerate‘,
552 2796 675 2864 tradite
698 2817 738 2864 ac
763 2797 878 2864 solute.
925 2797 972 2863 Et
995 2802 1073 2863 sunt
1096 2796 1243 2880 predicte
1267 2801 1424 2878 quattuor
1446 2815 1556 2862 marce
1576 2797 1699 2879 primus
1720 2818 1837 2866 census
1898 2796 1902 2806 '

177 2905 296 2970 domus
333 2903 537 2986 supradicte,
571 2910 606 2970 et
639 2909 796 2984 quattuor
829 2903 1031 2987 temporibus
1064 2923 1121 2970 seu
1154 2901 1250 2969 lestis
1281 2902 1316 2968 in
1349 2922 1434 2969 anno
1468 2903 1552 2970 solvi
1584 2916 1836 2972 consueverunt.

178 3009 293 3075 Prima
321 3029 435 3077 marca
464 3010 627 3077 daturin
656 3009 744 3078 iesto
774 3013 946 3078 beatorum
972 3009 1115 3093 Philippi
1145 3017 1179 3078 et
1202 3009 1322 3077 Jacobi
1352 3016 1385 3076 et
1401 3010 1602 3094 walpurgis,
1628 3018 1662 3078 et
1692 3016 1838 3079 secunda

178 3135 295 3182 marca
325 3117 466 3184 solvitur
494 3117 530 3184 in
561 3116 648 3184 lesto
679 3117 866 3186 nativitatis
897 3120 994 3184 beate
1025 3116 1165 3201 virginis
1195 3116 1346 3200 gloriose.
1404 3117 1450 3182 bt
1479 3117 1564 3184 istas
1594 3118 1677 3184 duas
1707 3138 1837 3186 marcas

177 3222 331 3305 predicta
355 3224 547 3308 Hadewigis
578 3224 776 3307 acceptavit.
824 3224 898 3291 Alie
930 3227 992 3290 due
1021 3227 1284 3290 marcerceduut
1306 3223 1341 3289 in
1365 3221 1461 3290 lestis
1485 3231 1684 3308 sauctorum,
1710 3225 1837 3292 scilicet

177 3328 354 3396 Michaelis
385 3337 418 3397 et
448 3330 595 3412 Martini,
627 3351 690 3412 que
721 3333 827 3398 adhuc
858 3337 1011 3415 spectant
1042 3334 1084 3397 ad
1116 3330 1222 3397 altere
1252 3329 1487 3412 supradictum.
1541 3331 1588 3396 Et
1617 3333 1678 3398 has
1709 3332 1837 3414 quidem

179 3441 341 3517 quattuor
370 3457 499 3504 marcas
530 3457 648 3504 census
678 3438 779 3505 annui
802 3439 968 3505 Arnoldus
999 3438 1187 3520 sepedictus
1216 3439 1259 3502 ad
1289 3436 1472 3520 predictum
1502 3438 1609 3504 altare
1634 3437 1774 3504 tradidit
1797 3459 1837 3505 ac

179 3543 329 3610 donavit.
376 3544 460 3610 Item
484 3545 645 3612 Gerlacus
675 3545 886 3629 supradictus
916 3545 1065 3612 vendidit
1095 3543 1259 3610 dimidiam
1290 3563 1444 3627 marcam,
1470 3546 1510 3610 de
1540 3564 1605 3624 qua
1628 3544 1751 3610 dictum
1775 3552 1835 3627 est,

179 3667 284 3731 super
319 3653 412 3717 domo
448 3651 591 3717 Ounonis
628 3649 867 3718 underkeulers
901 3651 981 3718 dicti
1013 3652 1241 3720 Gluckesherss
1273 3649 1308 3716 in
1341 3652 1400 3716 der
1430 3649 1557 3718 Nuvveu
1590 3651 1732 3718 Gazzen.
1791 3651 1837 3716 Et

179 3754 334 3822 similiter
363 3756 488 3838 primus
519 3763 570 3824 est
600 3777 717 3824 census
748 3761 862 3824 domus
893 3758 1045 3826 eiusdem.
1093 3759 1190 3824 Hanc
1221 3764 1332 3824 autem
1362 3756 1528 3823 dimidiam
1550 3777 1695 3824 marcam
1719 3777 1836 3825 census

181 3863 288 3928 annui
310 3867 439 3930 tantum
463 3883 522 3946 pro
547 3871 621 3932 octo
645 3865 765 3932 marcis
788 3865 916 3932 levibus
940 3863 1093 3947 predicta
1115 3863 1307 3948 Hadevvigis
1332 3864 1531 3947 acceptavit.
1579 3864 1625 3930 Et
1648 3865 1733 3930 hanc
1756 3883 1836 3932 sane

129 3955 134 3966 ’
179 3969 355 4052 pecuniam
385 3990 444 4053 pro
476 3971 635 4054 predictis
666 3971 827 4055 censibus,
853 3972 981 4040 scilicet
1011 3972 1112 4038 tertia
1142 3971 1277 4038 dimidia
1306 3949 1623 4054 marca'acceptam,
1649 3990 1688 4038 ac
1712 3973 1837 4038 desua

179 4095 360 4158 parumper
383 4078 506 4160 addita,
533 4097 680 4146 mansum
703 4077 956 4161 proprietarium
979 4083 1068 4146 terre
1092 4078 1227 4145 arabilis
1249 4077 1283 4144 iu
1306 4077 1455 4144 terminis
1478 4077 1554 4144 ville
1579 4077 1754 4144 Soltzbach
1777 4098 1835 4160 pro

179 4183 353 4250 Friderico
383 4184 471 4252 dicto
494 4185 597 4270 Wyze
628 4192 662 4251 et
691 4185 874 4268 Elisabeth,
901 4205 961 4252 sua
990 4185 1138 4269 legitima
1169 4183 1315 4269 coniuge,
1348 4184 1474 4251 civibus
1502 4182 1834 4266 Franclurdensibus,

179 4289 332 4373 pluribus
354 4292 418 4358 fide
442 4289 550 4375 dignis
573 4291 791 4374 presentibus,
816 4292 881 4358 rite
905 4298 938 4358 et
954 4291 1198 4359 rationabiliter
1214 4291 1428 4374 comparavit.
1475 4291 1515 4356 In
1531 4289 1691 4373 principio
1708 4290 1836 4372 quidem

179 4396 323 4479 predicti
353 4404 544 4465 contractus
574 4418 633 4480 pro
663 4417 776 4466 manso
801 4398 949 4482 predicto
973 4398 1007 4466 in
1032 4399 1167 4466 civitate
1191 4397 1361 4481 sepedicta
1384 4405 1554 4479 presentes
1579 4395 1729 4463 fuerunt:
1762 4397 1837 4463 Gul-

178 4523 321 4570 mannus
352 4503 460 4570 dictus
490 4508 530 4571 de
553 4505 742 4587 Ovenbacb,
767 4507 914 4573 Joannes
945 4513 979 4572 et
1003 4506 1120 4590 Gipelo
1151 4504 1276 4572 iratres
1305 4503 1386 4571 dicti
1415 4508 1454 4570 de
1478 4504 1714 4587 Holtzhausen,
1746 4505 1835 4572 cives

177 4609 478 4694 FrancfurdenseS,
510 4618 543 4677 et
575 4613 681 4694 Gula,
713 4631 806 4680 soror
828 4613 1016 4680 Mechtildis
1047 4612 1134 4679 dicte
1165 4615 1205 4678 de
1229 4610 1319 4679 Rufa
1343 4613 1457 4694 Domo,
1482 4631 1522 4678 ac
1550 4610 1626 4693 ipsa
1648 4610 1836 4678 Mechtildis

179 4737 243 4800 per
266 4736 310 4786 se.
350 4720 420 4803 Que
444 4707 573 4799 quidem
589 4719 687 4788 Guda
710 4738 809 4787 unum
833 4726 889 4786 et⁸
913 4739 1062 4786 mansum
1086 4738 1158 4785 cum
1182 4719 1331 4802 predicto
1355 4738 1469 4785 manso
1494 4724 1527 4785 et
1548 4718 1580 4784 in
1598 4717 1746 4784 terminis
1762 4738 1836 4800 pre-

179 4824 270 4890 dicte
299 4824 376 4892 ville
399 4823 498 4892 situm
521 4844 581 4907 pro
605 4824 763 4908 predictis
786 4825 1024 4908 venditoribus,
1050 4824 1176 4892 scilicet
1199 4825 1368 4892 Friderico
1394 4833 1428 4892 et
1450 4825 1633 4908 Elisabeth,
1658 4824 1777 4890 ibidem
1802 4831 1835 4890 et

179 4951 293 4998 coram
317 4930 475 5014 predictis
500 4930 626 4999 civibus
649 4931 826 4998 nominatis
850 4933 913 4999 rite
937 4940 971 4999 et
993 4931 1239 5000 rationabiliter
1263 4932 1477 5015 comparavit,
1502 4952 1542 4998 ac
1564 4932 1671 5014 ipsum
1685 4950 1835 4998 mansum

179 5038 280 5122 pleno
310 5038 379 5105 iure
410 5041 452 5104 ad
482 5037 665 5122 predictum
698 5039 803 5105 altare
835 5039 973 5106 tradidit
1003 5059 1043 5106 ac
1067 5039 1213 5122 donavit,
1238 5036 1392 5106 adiectab
1416 5046 1526 5105 tamen
1550 5036 1736 5104 conditione
1760 5039 1836 5103 sub-

181 5144 319 5227 scripta,
351 5145 513 5228 videlicet,
546 5147 631 5227 quod
661 5145 736 5228 ipsa
767 5147 865 5214 Gudo
894 5145 1134 5214 usumfructum
1163 5145 1268 5230 ipsius
1298 5145 1404 5212 mansi
1434 5146 1476 5212 ad
1505 5152 1656 5228 tempora
1683 5143 1753 5212 vite
1777 5163 1835 5212 sue

180 5251 352 5336 percipiet,
378 5259 412 5319 et
435 5251 585 5320 similiter
608 5250 769 5319 Gerlacus
793 5255 947 5320 sacerdos
971 5253 1192 5337 supradictus,
1217 5253 1245 5320 si
1269 5258 1503 5336 postmortem
1528 5253 1623 5320 Gude
1646 5250 1835 5334 supradicte

181 5359 413 5442 supervixerit,
439 5378 630 5443 quocunque
650 5367 682 5426 et
700 5379 735 5426 se
751 5359 934 5444 diverterit,
960 5360 1221 5428 contradictione
1237 5359 1457 5442 quorumlibet
1473 5379 1538 5426 non
1555 5361 1718 5427 obstante.
1757 5360 1834 5425 Pre-

179 5473 277 5532 terea
307 5466 340 5534 in
370 5465 450 5534 villa
483 5466 701 5550 supradictas
729 5465 763 5532 in
797 5466 888 5533 cidus
921 5467 1071 5534 terminis
1102 5467 1253 5550 predicta
1282 5468 1369 5534 bona
1399 5473 1477 5533 sunt
1507 5465 1590 5549 sita,
1622 5472 1655 5532 et
1685 5463 1836 5548 predicto

179 5572 303 5656 emptio
326 5571 390 5640 fuit
414 5574 585 5640 declarata
607 5580 641 5640 et
663 5575 751 5640 bona
774 5573 989 5656 supradicta⁰
1008 5574 1166 5656 predictis
1183 5572 1384 5656 emptoribus
1399 5592 1420 5638 a
1435 5571 1592 5655 predictis
1608 5571 1835 5640 venditoribus

448 5769 474 5822 a)
487 5765 592 5820 Vcrlaae
606 5771 664 5822 ,att
678 5765 803 5811 cultatem
816 5768 924 5820 ,amant
954 5767 978 5821 b)
993 5765 1109 5820 Variana:
1123 5765 1243 5820 ‚ntum
1271 5771 1294 5820 a)
1308 5764 1411 5820 Vorlaffe
1425 5765 1598 5821 ,superatam

237 5899 399 5948 ankinrtar
415 5900 612 5946 urkundenbuch
626 5901 653 5944 IL
691 5895 697 5908 '
1709 5895 1727 5950 9
