4416 6414
886 339 956 394 1316
974 339 1082 396 Januor
1100 340 1142 396 28.
1798 347 1839 412 hl

173 535 253 604 vite
285 537 465 604 earundem
496 555 557 620 pro
586 556 719 604 suorum
749 536 1008 604 necessariorum
1038 536 1151 622 inopia
1180 539 1368 608 relevanda.
1418 538 1482 606 Sed
1506 545 1540 606 et
1564 538 1671 606 altera
1693 539 1840 623 ipsarum

172 641 354 726 defuncta,
379 641 509 726 prolate
529 646 591 710 due
614 663 724 710 marce
740 643 913 726 superstiti
928 642 1155 710 nichilominus
1172 663 1254 726 equo
1271 643 1341 711 iure
1356 644 1575 730 integraliter,
1600 653 1637 712 ut
1654 653 1840 729 protectum

172 757 243 831 est,
269 751 556 817 ministrabuntur.
603 753 755 818 Ceterum
777 759 919 832 utraque
942 754 982 817 de
1006 750 1110 818 medio
1135 751 1277 833 sublata,
1301 759 1480 821 memorate
1503 755 1568 820 due
1589 773 1698 822 marce
1723 773 1840 835 preno-

171 857 319 924 minatis
344 910 351 923 .
371 910 376 921 .
403 859 572 925 abbatisse
593 864 626 924 et
651 911 657 925 .
676 914 683 927 .
709 857 885 926 conventui
901 865 1021 924 extunc
1038 861 1079 924 ad
1096 857 1287 942 pytanciam
1303 862 1418 926 cedere
1436 861 1601 926 debebunt
1618 863 1660 928 ad
1676 859 1839 927 dictarum

171 964 259 1049 Ely.
281 972 316 1031 et
338 966 413 1050 Ely.
435 985 562 1032 necnon
597 964 736 1032 omnium
772 965 1019 1050 progenitorum
1054 984 1187 1032 suorum
1218 965 1482 1034 anniversarium
1512 964 1620 1032 obitus
1651 967 1736 1033 hem
1767 987 1839 1033 cum

173 1077 285 1138 cantu
322 1071 552 1140 defunctorum
587 1079 707 1155 quarta
741 1071 827 1140 feria
857 1079 998 1154 quatuor
1029 1079 1211 1153 temporum
1242 1073 1520 1155 auctumpnalium
1551 1080 1709 1157 perpetuo
1741 1073 1837 1140 annis

173 1180 323 1264 singulis
353 1184 585 1264 peragendum.
632 1180 761 1248 Exinde
793 1180 891 1247 etiam
922 1178 1046 1246 iratres
1078 1183 1190 1248 domus
1221 1185 1334 1246 nostre
1364 1177 1504 1262 prefate,
1530 1179 1587 1262 qui
1609 1201 1667 1263 pro
1693 1188 1840 1264 tempore

172 1285 319 1370 luerint,
344 1289 530 1356 huiusmodi
553 1307 695 1370 censum,
720 1291 858 1354 duarum
881 1286 1037 1355 videlicet
1059 1306 1244 1354 marcarum
1268 1273 1536 1369 prescriptamm,
1562 1287 1840 1370 superationibus

173 1395 279 1462 bonis
309 1395 432 1462 nostris
463 1394 637 1462 stabilibus
668 1401 702 1461 et
733 1395 857 1462 securis
888 1414 928 1460 ex
958 1393 1025 1460 ista
1054 1399 1150 1476 parte
1174 1393 1261 1459 Reni
1292 1393 1365 1459 sitis
1389 1396 1644 1460 demonstrando
1668 1395 1840 1478 assignare

173 1509 351 1584 poterunt,
377 1505 419 1568 ad
443 1522 529 1584 que„
550 1555 555 1567 .
575 1501 747 1586 predicte.
767 1555 773 1569 .
792 1501 920 1569 domine
945 1504 984 1568 de
1008 1501 1170 1568 solutione
1195 1519 1311 1566 census
1329 1499 1500 1566 memorati
1515 1507 1702 1583 respectum
1718 1503 1840 1568 habere

174 1611 360 1692 debebunt,
385 1609 480 1676 nobis
504 1613 544 1676 de
566 1609 774 1694 impeticione
797 1608 942 1690 ipsarum
966 1607 1078 1675 liberis
1102 1607 1233 1690 penitus
1258 1613 1291 1673 et
1307 1606 1431 1673 solutis.
1472 1607 1645 1674 Adiectum
1662 1616 1712 1675 est
1729 1609 1838 1690 etiarn,

174 1715 269 1798 quod
301 1736 503 1800 quocumque
534 1737 620 1784 anno
650 1716 683 1783 in
714 1715 1019 1783 conmemoratione
1051 1718 1187 1782 duorum
1218 1713 1519 1782 anniversariorum
1550 1723 1774 1798 pretectorum
1805 1770 1838 1785 ..

174 1824 358 1892 abbatissa
381 1831 415 1890 et
440 1876 471 1890 ..
497 1831 679 1893 conventus
710 1823 877 1906 prenotati
907 1823 1114 1908 negligentes
1143 1823 1277 1890 invente
1307 1819 1433 1888 luerint
1464 1829 1522 1888 aut
1553 1823 1696 1906 remisse,
1722 1844 1743 1890 a
1766 1844 1840 1907 per·

175 1931 335 2013 ceptione
366 1934 504 1998 duarum
533 1951 720 1998 marcarum
750 1930 972 2014 predictarum
1003 1950 1062 2014 pro
1087 1930 1233 2012 quohbet
1256 1928 1483 1996 anniversario
1508 1929 1657 2014 neglecto
1682 1949 1840 2014 suspense

175 2046 283 2104 erunt
306 2037 361 2104 illo
387 2058 484 2121 anno,
508 2038 557 2104 ita
581 2041 667 2120 quod
692 2087 722 2107 ..
749 2036 875 2104 tratres
898 2037 1004 2104 nostri
1027 2035 1152 2120 prefati
1175 2055 1308 2104 censum
1331 2037 1515 2104 huiusmodi
1538 2037 1655 2103 tollent
1678 2043 1712 2103 et
1735 2037 1840 2121 perci-

175 2144 276 2226 pient
306 2145 340 2211 in
370 2151 519 2212 nostram
549 2145 739 2230 pytanciam
770 2149 1027 2214 convertendum
1057 2165 1116 2228 pro
1139 2143 1324 2211 huiusmodi
1347 2143 1583 2212 anniversariis
1607 2145 1777 2230 neglectis,
1803 2153 1839 2212 ut

175 2251 377 2334 predicitur,
404 2272 424 2318 a
447 2252 541 2318 nobis
565 2252 772 2335 peragendis,
805 2251 1065 2319 contradictione
1097 2252 1243 2334 qualibet
1272 2271 1337 2318 non
1368 2253 1533 2335 obstante,
1559 2258 1591 2318 et
1621 2253 1683 2319 hoc
1713 2251 1840 2320 tociens

176 2365 214 2424 et
247 2357 385 2441 tamdiu,
410 2362 513 2426 donec
537 2380 558 2426 a
582 2379 643 2426 sua
672 2359 876 2444 negligentia
906 2359 1030 2426 luerint
1061 2367 1225 2427 revocate.
1273 2359 1313 2424 ln
1343 2359 1565 2426 testimonium
1596 2360 1736 2426 omnium
1766 2379 1840 2442 pre-

175 2465 358 2532 missorum
389 2472 423 2532 et
452 2465 643 2534 firmitatem
673 2466 818 2534 debitam
845 2468 905 2534 has
929 2467 1054 2534 litteras
1078 2465 1241 2534 conscribi
1264 2465 1435 2550 voluimus,
1460 2486 1588 2534 necnon
1610 2466 1709 2550 sigilli
1732 2467 1840 2533 nostri

174 2571 360 2640 munimine
394 2573 554 2640 roborari.
613 2575 731 2640 Actum
768 2581 801 2641 et
832 2577 944 2640 datum
976 2593 1062 2641 anno
1093 2573 1213 2640 domini
1242 2575 1283 2640 uh.
1313 2569 1380 2644 cdo.
1412 2554 1514 2656 xlvi,
1546 2573 1580 2640 in
1611 2580 1731 2642 octava
1761 2594 1839 2658 epy-

176 2678 304 2760 phanie
328 2679 460 2747 domini.

400 2820 446 2876 Or.
461 2823 550 2892 Peme.
563 2823 613 2876 tait
631 2822 841 2893 obtemperatione,
861 2823 1085 2878 mehlerhultenca
1103 2823 1198 2893 Siepel.
1236 2823 1380 2890 Mtttvcheu,
1401 2824 1601 2880 Reiclvsarchiv.
1697 2882 1700 2900 ,

397 2911 510 2982 Repe-st:
529 2911 636 2980 Guttae
656 2911 721 2968 God.
735 2911 821 2980 Daph,
841 2913 903 2980 ΙΙΙ,
925 2915 990 2978 743;
1009 2912 1105 2980 Sava,
1126 2911 1164 2978 1⁸,
1185 2917 1227 2967 97.

397 3001 453 3054 Dia
472 2999 688 3072 chcawlcuode
706 3002 752 3058 dea
768 3001 894 3056 Kloaters
908 3003 1110 3070 Pctcrshaaaen
1128 3019 1187 3057 cota
1205 3003 1322 3073 pleichan
1339 3004 1413 3072 Tage
1431 3005 1467 3058 ist
1484 3005 1629 3074 gebracht:
1647 3003 1737 3070 Bour,
1756 3002 1835 3058 Hess.

454 3089 528 3157 orn,
547 3090 573 3156 1,
592 3095 646 3145 260
663 3092 713 3144 mit
731 3091 790 3144 deon
809 3091 915 3161 irriget
934 3091 1391 3146 Datuchauar14naclvdavn
1413 3093 1458 3147 Or.
1470 3093 1556 3164 Pgmt.
1568 3092 1607 3148 St.
1618 3092 1652 3148 A.
1664 3093 1837 3147 Durvnstadt.
1885 3137 1887 3146 .

450 3178 497 3234 Sic
521 3181 624 3234 eathdlt
651 3180 703 3233 den
718 3180 841 3234 Varaicht
860 3181 917 3246 auf
930 3181 974 3234 dic
993 3198 1044 3235 coa
1063 3181 1114 3234 dan
1132 3181 1264 3236 Brucla-n
1284 3181 1366 3251 Gyae,
1386 3183 1498 3254 liudolf
1511 3183 1569 3236 tund
1588 3181 1707 3236 Konrud
1726 3182 1838 3250 Moffelo

451 3269 510 3322 dem
529 3268 732 3324 Deutschorden
759 3271 929 3324 oermochten
948 3269 1041 3324 Guver.
1080 3269 1139 3324 uta
1156 3271 1263 3325 aweites
1284 3269 1329 3324 Or.
1344 3271 1458 3340 heptndct
1476 3271 1534 3326 siclt
1551 3271 1588 3324 ivn
1607 3271 1837 3325 Deutacbordcns·

452 3357 658 3414 &atralarcla'v
669 3375 706 3412 aa
715 3357 796 3414 Wien
809 3360 872 3429 (apl.
884 3359 1030 3429 Pettenegg
1044 3359 1097 3413 No,
1109 3363 1183 3425 932).
1209 3359 1361 3414 Erwdlvat:
1373 3360 1470 3428 Seuer,
1483 3358 1521 3426 1³,
1536 3361 1578 3427 97,
1592 3360 1644 3413 No.
1657 3361 1729 3414 1597
1735 3360 1816 3414 nam.
1831 3402 1836 3415 .

176 3629 247 3704 45.
274 3636 478 3714 Schadtlceisa
501 3637 658 3718 Schdffea,
682 3637 906 3702 Rothmormen
925 3638 992 3702 und
1010 3637 1234 3704 Gesclvworeac
1249 3661 1310 3704 voa
1325 3637 1359 3704 F
1358 3640 1509 3721 rochford
1526 3640 1735 3720 dedolandae,
1760 3640 1838 3706 dass

272 3742 380 3808 Motae
404 3743 609 3812 Furmeauen
632 3767 692 3810 aus
715 3746 908 3831 driapender
931 3745 1069 3810 Armoth
1092 3767 1136 3812 aa
1158 3747 1258 3831 Wipel
1281 3767 1340 3810 oon
1362 3747 1540 3814 Wonehoclt
1563 3747 1629 3811 aad
1651 3747 1752 3832 Wigel
1769 3768 1838 3812 omn

274 3850 306 3914 F
305 3851 396 3916 rosch
426 3855 515 3916 einen
540 3852 728 3918 Gruadains
759 3853 823 3934 auf
849 3853 949 3918 clarem
972 3853 1036 3934 atvs
1056 3853 1126 3918 dem
1148 3852 1346 3920 Koroneia-t
1369 3855 1533 3939 gelegenco
1556 3854 1668 3920 Haase
1692 3853 1838 3935 certumst

272 3957 359 4024 habe.
407 3964 496 4024 1316
518 3959 650 4025 Jouuar
673 3965 727 4024 23.

288 4110 356 4176 Nos
382 4163 413 4176 ..
440 4110 610 4192 scultetus
637 4164 670 4176 ..
697 4110 834 4192 scabini,
862 4164 893 4180 ..
919 4111 1070 4178 consules
1094 4117 1128 4176 et
1152 4165 1158 4177 .
1178 4162 1184 4175 .
1208 4111 1310 4178 iurati
1324 4112 1672 4179 Franhenvordenses.
1709 4113 1835 4178 Tenere

178 4217 383 4298 presentium
414 4217 543 4300 publice
572 4218 867 4304 recognosllcimus
899 4224 933 4284 et
962 4221 1005 4284 ad
1036 4218 1262 4284 universorum
1293 4219 1449 4285 noticiam
1482 4219 1628 4300 cupimus
1652 4219 1833 4301 pervenire,

177 4323 269 4404 quod
291 4323 402 4390 Metza
426 4324 515 4391 dicta
538 4324 746 4392 Fhrmennen
770 4346 880 4392 coram
904 4324 997 4390 nobis
1013 4325 1047 4390 in
1062 4324 1181 4391 iudicio
1199 4325 1381 4392 constituta
1396 4329 1423 4410 ll
1440 4325 1620 4408 proposuit,
1639 4325 1723 4391 sein
1740 4331 1836 4392 tanta

179 4428 321 4510 penuria
351 4437 383 4496 et
415 4429 547 4497 delectu
577 4431 782 4515 existentem,
814 4435 899 4514 quod
931 4430 999 4498 vite
1030 4451 1087 4498 sue
1118 4431 1307 4498 necessaria
1336 4433 1458 4497 habere
1489 4451 1553 4498 non
1584 4441 1704 4514 posset,
1737 4439 1836 4514 prout

177 4535 366 4603 iuramento
406 4537 575 4626 prestilsto
615 4539 815 4620 declaravit,
857 4547 993 4621 propter
1032 4542 1116 4620 quod
1153 4539 1256 4605 eidem
1291 4540 1399 4605 Metze
1434 4538 1626 4604 indulsimus
1662 4559 1701 4605 ac
1736 4539 1835 4605 etiam

176 4643 421 4711 sententialiter
451 4645 603 4728 optinuit,
628 4652 666 4711 ut
695 4665 795 4712 unum
824 4644 988 4713 fertonem
1019 4645 1138 4714 levium
1169 4646 1377 4712 denariorum
1407 4645 1556 4712 redditus
1580 4649 1619 4712 de
1643 4647 1747 4726 bonis
1773 4667 1834 4727 que

177 4749 337 4834 possidet,
363 4754 506 4820 vendere
530 4760 564 4819 et
588 4753 732 4820 alienare
756 4752 893 4835 valeret,
920 4773 981 4835 que
1006 4753 1128 4819 dictum
1152 4749 1314 4819 fertonem
1338 4754 1400 4818 hac
1425 4755 1595 4834 decuma,
1622 4751 1719 4819 situm
1736 4772 1835 4834 super

176 4861 276 4923 domo
301 4858 335 4924 in
360 4878 425 4941 qua
447 4859 588 4942 habitat,
614 4861 680 4926 sita
704 4879 805 4942 prope
830 4861 959 4926 domum
975 4860 1145 4926 Voltzonis
1170 4859 1249 4925 dicti
1272 4859 1441 4926 Smitzekil
1463 4859 1497 4925 in
1520 4857 1593 4926 loro
1617 4859 1703 4925 dicto
1728 4860 1833 4925 Korn·

176 4965 320 5047 marhot,
345 4965 432 5033 iusto
456 4965 660 5033 vendicionis
683 4967 779 5033 titulo
804 4965 952 5034 vendidit
975 4973 1008 5034 et
1033 4966 1217 5050 assignavit
1241 4966 1393 5032 discretis
1410 4965 1489 5034 viris
1502 4966 1646 5050 Wigloni
1663 4968 1702 5032 de
1715 4967 1835 5032 Wane-

175 5071 266 5137 bach
289 5078 323 5137 et
339 5072 483 5156 Wigloni
513 5075 553 5139 de
577 5073 674 5140 Rana
705 5081 739 5140 et
769 5093 880 5139 eorum
904 5074 1061 5140 uxoribus
1084 5073 1241 5158 legitimis
1265 5093 1304 5139 ao
1328 5073 1474 5156 ipsorum
1497 5073 1672 5139 heredibus
1696 5091 1777 5154 pure
1801 5080 1835 5137 et

177 5179 375 5260 simphciter
398 5184 559 5261 perpetuo
582 5180 813 5263 possidendum
837 5189 870 5247 et
894 5181 1119 5264 accipiendum
1144 5183 1183 5246 de
1208 5183 1300 5246 domo
1326 5180 1495 5246 antedicta
1519 5180 1777 5263 singulis-annis
1800 5179 1834 5244 in

176 5275 231 5352 die
268 5286 358 5352 beati
386 5286 525 5353 Martini
559 5286 704 5370 episcopi
738 5287 898 5372 hyemalis
933 5308 992 5372 pro
1024 5295 1166 5370 quatuor
1195 5286 1315 5353 marcis
1346 5286 1553 5353 denariorum
1584 5286 1832 5368 Colonienshnn,
1882 5331 1887 5340 -

174 5394 287 5459 tribus
309 5393 511 5462 hallensihus
535 5414 594 5476 pro
619 5394 754 5461 denario
778 5395 924 5476 quolibet
942 5395 1141 5478 computatis.
1189 5395 1279 5479 Quas
1295 5393 1424 5475 quddam
1440 5401 1583 5475 quatuor
1598 5413 1728 5460 mareas
1745 5393 1835 5459 dicta

169 5500 291 5592 vlietza
320 5501 523 5584 recognovit,
549 5520 584 5567 se
608 5521 628 5566 a
652 5501 749 5568 dictis
765 5500 973 5585 Wiglonibus
1004 5501 1168 5583 recepisse
1199 5520 1238 5566 ac
1269 5500 1304 5566 in
1327 5520 1406 5566 usus
1431 5519 1506 5566 suos
1530 5500 1735 5567 necessarios
1759 5519 1835 5566 con-

173 5605 330 5675 vertisse.
378 5609 481 5692 Quem
504 5607 708 5675 vendicionis
732 5615 766 5674 et
789 5608 966 5691 empcionis
990 5616 1196 5675 contractum
1220 5607 1267 5674 sic
1291 5608 1492 5674 celebratum
1516 5607 1736 5690 promiserunt
1759 5607 1834 5673 hhro

174 5719 211 5779 et
243 5711 318 5779 inde
350 5733 408 5795 pro
440 5734 475 5780 se
506 5713 638 5796 suisque
667 5714 842 5782 heredibus
873 5723 981 5782 ratum
1012 5723 1045 5782 et
1068 5717 1195 5782 firmum
1218 5716 1341 5781 habere
1365 5722 1399 5780 et
1421 5717 1559 5781 eundem
1583 5717 1760 5780 secundum
1782 5713 1834 5779 ius

174 5825 210 5886 et
235 5822 454 5902 approbatam
478 5821 747 5889 consuetudinem
762 5824 1117 5892 Frankenvordensem
1139 5822 1376 5890 inviolabiliter
1400 5823 1587 5890 observare.
1635 5823 1674 5887 In
1698 5841 1833 5902 quorum
