4414 6402
374 285 438 350 120
909 263 913 274 ⁸
980 259 982 264 ⁸
1037 261 1040 272 ’
1080 261 1150 338 raao
1168 257 1286 336 October
1305 253 1343 338 l.

440 569 445 578 ¹
480 461 745 575 'thesaurarius‘
771 475 908 544 ecclesie
927 465 1186 568 'Fritslariensis
1218 478 1318 545 iudex
1347 476 1462 544 unicus
1486 479 1607 558 asede
1637 474 1821 561 apostolica
1843 458 2032 560 delegatus(

374 585 513 650 Datum*
528 603 587 665 per
617 581 753 680 copiam.
801 583 897 649 Ponit
924 602 984 665 per
1008 581 1101 649 sunm
1117 586 1145 672 ll
1161 573 1404 668 sacramentum
1427 589 1460 650 et
1485 573 1626 667 probare
1648 581 1801 664 intendit,
1826 581 1854 650 si
1876 587 2026 666 negetur,

375 691 546 757 Conradus
570 691 609 755 de
626 688 877 772 Dyetershusin,
902 695 1109 776 procurator
1121 690 1242 757 nobilis
1264 689 1330 758 viri
1353 689 1474 756 domini
1489 689 1654 758 Iohannis
1671 689 1798 756 comitis
1815 692 1855 756 de
1868 691 1895 774 ΙΙ
1910 687 2029 773 Cygin·

374 795 465 878 hain,
482 794 611 862 nomine
628 794 855 876 procuratorio
872 801 906 860 et
922 814 980 877 pro
997 793 1068 878 ipso
1085 795 1213 864 domino
1230 815 1289 864 suo
1306 802 1423 864 contra
1439 796 1649 872 Salmannum
1665 796 1796 863 iudeum
1811 795 1846 862 in
1863 795 2030 862 ffiaukin-

376 900 460 968 Iord'
481 901 603 967 dictum
634 904 673 966 de
687 901 923 983 Bruchseldin,
955 903 1040 983 quod
1064 901 1180 969 Craito
1197 905 1223 990 fs
1242 903 1349 969 dictus
1373 905 1507 985 Groppe
1537 903 1629 969 miles
1659 903 1831 970 occasione
1861 901 2031 972 cuiusdam

377 1008 469 1091 equi,
499 1007 533 1073 in
564 1007 703 1074 servicio
734 1005 814 1074 dicti
844 1007 964 1074 domini
994 1007 1123 1075 comitis
1153 1009 1283 1092 perditi,
1315 1011 1355 1075 de
1385 1005 1494 1075 scitub
1518 1017 1552 1076 et
1581 1012 1738 1076 mandato
1768 1008 1873 1091 ipsius
1904 1006 2031 1074 comitis

377 1121 490 1181 mutuo
520 1113 646 1196 recepit
673 1117 760 1197 apud
785 1117 922 1180 eundem
943 1114 1074 1181 iudeum
1098 1114 1217 1201 viginti
1240 1122 1382 1198 quatuor
1405 1135 1535 1182 marcas
1559 1114 1768 1184 denariorum
1792 1113 2033 1184 coloniensium

379 1222 439 1286 sub
469 1238 572 1285 usura
599 1219 633 1286 in
663 1227 752 1287 sorte
776 1219 951 1303 principali
974 1221 1008 1287 in
1031 1224 1207 1305 dampnum
1230 1222 1281 1289 sui
1305 1220 1426 1289 domini
1448 1221 1577 1288 comitis
1601 1221 1792 1304 supradicti.
1839 1221 1924 1288 Item
1948 1223 2033 1302 quod

380 1324 494 1393 Craito
525 1326 617 1392 miles
647 1327 754 1393 iunior
785 1326 893 1393 dictus
922 1330 962 1393 de
986 1327 1203 1397 Beldirsheim
1234 1351 1315 1416 erga
1342 1329 1471 1396 dictum·
1487 1329 1616 1396 iudeum
1641 1349 1676 1396 se
1699 1325 1784 1396 iecit
1804 1336 1838 1396 et
1861 1327 2035 1396 constituit

381 1432 594 1516 principalem
624 1433 805 1500 debitorem
833 1453 892 1517 pro
916 1435 1056 1517 pecunia
1079 1444 1269 1504 memorata.
1317 1437 1402 1504 Item
1426 1440 1511 1520 quod
1535 1436 1645 1504 debito
1669 1437 1836 1521 persoluto
1860 1433 2036 1519 principali

381 1539 490 1605 dictus
518 1539 634 1606 iudeus
665 1540 805 1607 extorsit
829 1562 849 1609 a
872 1541 960 1608 dicto
990 1541 1119 1609 domino
1150 1543 1268 1610 comite
1298 1543 1368 1630 sive
1391 1543 1462 1610 eius
1484 1543 1587 1611 milite
1610 1544 1740 1612 nomine
1763 1542 1884 1611 domini
1908 1539 2036 1608 comitis

382 1645 524 1732 triginta
554 1653 588 1712 et
617 1651 675 1713 se'x
705 1635 835 1715 marcas
866 1648 1072 1715 denariorum
1104 1649 1344 1716 coloniensium
1375 1636 1409 1716 et
1439 1635 1679 1734 quinquaginta
1707 1650 1811 1717 libras
1840 1646 2038 1715 hallensium

382 1753 488 1820 miuus
518 1772 585 1820 una
614 1754 700 1820 libra
729 1755 923 1822 hallensium
946 1775 1005 1839 per
1028 1756 1199 1823 usurarias
1223 1757 1409 1840 pravitates
1433 1765 1467 1824 et
1491 1764 1608 1825 contra
1632 1757 1810 1825 canonicas
1833 1754 2037 1822 sancciones.

382 1863 468 1927 Item
491 1863 576 1942 quod
601 1860 708 1928 dictus
725 1862 840 1928 Craito
863 1866 904 1929 de
919 1863 1135 1930 Beldirsheim
1159 1863 1252 1930 miles
1274 1863 1384 1930 iunior
1406 1871 1441 1931 et
1464 1862 1625 1931 scultetus
1642 1864 1805 1931 Folradus
1823 1863 1858 1928 in
1873 1861 2038 1928 Frankin·

384 1966 459 2034 iord
489 1967 611 2035 dictam
640 1968 814 2050 pecuniam
844 1989 902 2052 pro
931 1969 1002 2053 ipso
1027 1970 1157 2036 domino
1182 1969 1299 2036 comite
1322 1977 1541 2055 pagaverunt.
1589 1971 1674 2037 Item
1698 1972 1782 2052 quod
1807 1971 1847 2036 de
1871 1967 2040 2051 premissis

385 2081 436 2140 est
466 2074 598 2155 publica
628 2094 691 2142 vox
722 2082 755 2150 et
785 2074 875 2144 iama
905 2077 938 2144 in
961 2076 1189 2144 Frankiniord
1220 2087 1253 2144 et
1282 2077 1316 2144 in
1346 2076 1427 2144 locis
1450 2077 1577 2146 vicinis.
1625 2074 1696 2144 Has
1718 2075 1813 2160 'ponit
1837 2077 1879 2143 ad
1902 2092 2041 2157 presens

386 2182 487 2250 salvis
517 2181 591 2248 aliis
621 2183 692 2250 loco
724 2190 757 2250 et
787 2190 934 2268 tempore
965 2184 1124 2268 ponendis
1155 2191 1188 2250 et
1218 2189 1434 2268 protestatur,
1460 2188 1544 2266 quod
1569 2203 1634 2251 non
1658 2183 1817 2267 astringit
1840 2202 1875 2250 se
1899 2183 1942 2248 ad
1967 2199 2042 2263 pno-

385 2295 529 2360 bandum
560 2291 668 2358 omnia
698 2299 732 2358 et
762 2291 892 2376 singula
922 2292 1092 2375 premissa,
1125 2294 1182 2358 sed
1213 2295 1299 2375 quod
1323 2294 1465 2376 probata
1488 2311 1529 2360 ex
1552 2291 1600 2358 eis
1623 2291 1686 2358 sibi
1710 2289 1847 2374 prosint,
1872 2293 2040 2370 tamquam

387 2403 483 2485 plura
506 2419 570 2466 non
595 2399 743 2480 dixisset,
769 2405 803 2465 et
827 2399 855 2464 si
877 2399 951 2482 plus
975 2400 1177 2482 probaverit,
1202 2400 1275 2482 plus
1299 2401 1430 2482 habeat,
1456 2397 1623 2480 siminus,
1650 2397 1765 2464 minus.

494 2524 742 2592 Attestaciones
766 2537 883 2591 contra
902 2525 1084 2592 Samuelem
1108 2528 1149 2591 de
1171 2524 1403 2592 Bruchseldin:
1431 2529 1463 2610 l)
1487 2523 1602 2590 Craito
1625 2513 1733 2589 iunior
1756 2525 1797 2588 de
1819 2519 2044 2587 Beldersheim

388 2633 490 2714 miles,
520 2632 616 2698 testis
646 2632 772 2716 prImus
803 2635 983 2715 productus
1013 2653 1073 2715 per
1104 2631 1246 2700 nobilem
1275 2631 1383 2700 virum
1412 2630 1576 2697 dominum
1605 2629 1792 2697 Iohannem
1822 2611 1984 2694 comitem
2005 2627 2044 2689 de

390 2739 574 2824 Cyginhain
597 2746 714 2805 eontra
730 2739 941 2806 Salmannum
964 2739 1087 2806 dictum
1111 2742 1150 2806 de
1167 2737 1382 2806 Bruolrseldin
1404 2738 1534 2804 iudeum
1549 2734 1898 2814 Frankiniordensem,
1915 2732 2046 2799 iuratus

390 2854 423 2913 et
452 2845 630 2927 requisitus
661 2865 760 2929 snper
790 2846 895 2928 prima
924 2845 1121 2929 intencione,
1147 2865 1209 2927 que
1233 2844 1276 2911 sit
1299 2844 1430 2927 incipit:
1460 2843 1575 2929 „Ponit
1601 2863 1662 2926 per
1686 2861 1778 2909 suum
1802 2844 2046 2907 sacramentum

390 2952 566 3036 prestitum
590 2962 624 3018 et
643 2954 783 3035 probare
798 2953 951 3036 intendit,
976 2953 1005 3020 si
1020 2959 1170 3038 negetur,
1195 2953 1366 3020 Conradus
1383 2953 1423 3018 de
1439 2948 1690 3035 Dyetershusiu,
1715 2953 1912 3031 procurator
1927 2943 2047 3010 nobiIIs

391 3060 455 3128 viri
489 3059 610 3127 domini
640 3063 802 3129 Iohannis
834 3061 961 3128 comitis
992 3063 1032 3128 de
1063 3058 1264 3146 Cpginbain,
1295 3058 1424 3126 nomine
1454 3055 1682 3140 procuratorio
1713 3062 1747 3121 et
1777 3055 1922 3134 oetem‘,
1953 3049 2046 3128 dicit,

391 3176 497 3258 ipsam
520 3171 738 3240 intencionem
762 3189 833 3237 esse
850 3189 973 3252 veram,
998 3175 1035 3236 ut
1049 3168 1148 3250 iacet,
1173 3184 1306 3234 causam
1323 3166 1374 3233 sui
1389 3165 1470 3232 dicti
1484 3163 1604 3247 reddit,
1629 3165 1714 3246 quod
1731 3159 1881 3244 prefatus
1897 3157 2048 3226 dominus

393 3285 563 3352 Iohannes
595 3298 701 3346 comes
724 3278 838 3346 volens
862 3279 994 3359 habere,
1020 3276 1106 3343 sicut
1129 3273 1245 3342 habuit
1269 3273 1513 3357 expedicionem
1537 3289 1636 3353 super
1659 3268 1822 3336 dominum
1845 3269 1886 3333 de
1910 3265 2046 3343 Ythere,

394 3389 526 3473 rogavit
542 3386 732 3454 tlraitonem
756 3391 872 3452 testem
897 3385 1092 3466 loquentem,
1117 3389 1155 3449 ut
1178 3381 1242 3448 sibi
1260 3400 1333 3447 cum
1349 3380 1417 3447 suis
1434 3377 1557 3460 aspicie,
1582 3385 1620 3444 ut
1634 3376 1750 3443 melium
1767 3379 1889 3457 posset,
1915 3391 2049 3439 succur-

395 3505 498 3580 reret,
530 3503 564 3562 et
594 3495 682 3560 inter
712 3493 793 3560 alios
825 3500 968 3578 rogatos,
1001 3494 1043 3557 ad
1074 3491 1134 3556 hoo
1165 3489 1297 3574 rogavit
1328 3485 1538 3554 Craftonem⁰
1573 3485 1695 3552 dictum
1726 3483 1884 3564 Groppen
1913 3479 2049 3546 militem

395 3625 503 3673 secum
527 3604 659 3684 iturum,
684 3601 739 3683 qui
756 3598 870 3667 Cralto
887 3602 1021 3682 Groppe
1045 3597 1188 3681 perdidit
1211 3615 1310 3663 unum
1334 3593 1495 3662 caballum
1511 3593 1545 3660 in
1559 3591 1688 3674 itinere,
1713 3588 1769 3672 qui
1784 3605 1856 3656 eum
1873 3586 2051 3654 constabat

395 3713 679 3797 vigintiquatuor
702 3728 831 3776 marcas
855 3706 1062 3774 denariorum
1079 3703 1328 3785 Coloniensium,
1353 3710 1388 3770 et
1411 3704 1544 3768 tandem
1568 3717 1641 3766 cum
1657 3697 1765 3765 dictus
1781 3692 1896 3762 Cralto
1913 3691 2049 3775 Groppo

396 3821 489 3887 miles
520 3817 643 3902 pluries
673 3815 836 3882 monuerit
865 3814 973 3898 ipsum
996 3811 1202 3880 draitonem'
1218 3817 1336 3878 testem
1367 3816 1401 3876 et
1432 3809 1504 3892 ipse
1534 3807 1631 3874 testis
1654 3803 1806 3872 comitem
1829 3799 1995 3868 monuerit
2018 3805 2052 3864 et

398 3927 520 3995 solacio
557 3924 649 3992 laeta
679 3943 744 3991 non
774 3921 877 3989 fuerit
908 3920 1076 4004 expedite,
1108 3918 1277 4002 predictus
1307 3918 1442 4000 Groppo
1473 3915 1565 3982 miles
1596 3911 1722 3995 recepit
1752 3907 1903 3994 prefatas
1933 3904 2053 3990 viginti

398 4041 540 4117 quatuor
563 4051 692 4099 marcas
717 4030 819 4096 debiti
842 4027 1035 4112 principalis
1059 4029 1145 4110 apud
1170 4023 1334 4110 prelatum
1352 4023 1563 4090 Salmannum
1586 4021 1715 4086 iudeum
1738 4016 1800 4084 sub
1816 4013 1926 4081 usuris
1942 4017 1976 4080 et
1991 4013 2052 4078 hoc

400 4146 439 4208 de
470 4142 557 4207 scitu
595 4147 628 4206 et
657 4138 797 4205 licencia
825 4135 921 4202 testis
944 4133 1108 4217 loquentis
1131 4141 1165 4200 et
1188 4132 1269 4198 dicti
1292 4130 1429 4199 comitis,
1477 4130 1560 4194 Item
1585 4125 1762 4208 requisitus
1786 4142 1885 4206 super
1909 4119 2052 4186 secundo

401 4248 540 4316 articulo
570 4245 777 4326 intencionIS,
810 4243 900 4324 dicit,
933 4261 1005 4310 eum
1035 4261 1107 4307 esse
1137 4257 1261 4320 verum,
1293 4245 1331 4303 ut
1360 4237 1457 4318 iacet,
1483 4235 1560 4316 quia
1588 4234 1659 4332 ipse
1689 4231 1794 4312 testie,
1820 4227 1876 4311 qui
1896 4225 2052 4308 loquitur,

401 4355 521 4422 exemit
552 4351 716 4436 prefatum
740 4349 930 4418 Craitonem
955 4353 1110 4432 Groppen
1141 4351 1308 4429 tamquam
1336 4343 1549 4427 principalem
1573 4340 1753 4407 debitorem
1776 4343 1869 4404 etse
1893 4337 2053 4415 exparte

402 4462 541 4546 predicti
571 4460 699 4528 comitis
730 4458 942 4542 principalem
973 4455 1146 4523 constituit
1176 4453 1356 4520 debitorem
1380 4471 1439 4533 pro
1464 4445 1638 4532 principali
1660 4443 1852 4527 supradicto
1877 4447 1911 4507 et
1934 4437 2053 4519 usuris,

403 4591 465 4652 que
496 4575 722 4650 accreverant,
755 4573 789 4634 et
818 4566 948 4632 nomine
979 4564 1059 4631 dicti
1084 4616 1116 4630 ..
1143 4561 1270 4629 comitis
1298 4577 1397 4641 super
1428 4577 1462 4624 se
1493 4554 1667 4623 constituit
1689 4551 1922 4620 fideiussorem.
1970 4546 2054 4611 Item

403 4676 581 4759 requisitus
612 4695 710 4758 super
740 4674 842 4741 tercio
874 4672 1012 4766 articulo
1043 4669 1135 4752 dicit,
1160 4671 1244 4752 quod
1269 4667 1331 4734 sibi
1355 4671 1493 4748 constet,
1519 4665 1604 4745 quod
1626 4661 1698 4745 ipse
1721 4657 1818 4724 testis
1842 4662 1876 4722 et
1898 4657 1942 4721 ad
1965 4671 2055 4719 man-

404 4789 516 4851 datum
540 4783 642 4866 ipsius
668 4783 764 4848 testis
787 4787 910 4866 pagate
934 4779 1069 4847 fuerunt
1091 4775 1222 4861 prefato
1248 4776 1424 4843 Salmanno
1448 4769 1671 4854 quadraginta
1694 4783 1811 4834 novem
1833 4762 1916 4830 libre
1932 4759 2056 4827 hallen-

406 4896 498 4976 sium,
523 4901 556 4960 et
580 4896 665 4976 quod
676 4892 850 4972 Volradus,
876 4888 1037 4956 scultetus
1054 4881 1386 4964 Frankeniordensis
1411 4901 1452 4946 ex
1468 4884 1564 4962 parte
1580 4871 1753 4943 reverendi
1769 4871 1932 4953 quondam
1949 4865 2056 4950 patris

406 5005 527 5071 domini
548 5003 648 5084 Petri,
675 4999 913 5082 archiepiscopi
937 4993 1133 5080 bioguntini,
1158 4991 1286 5058 nomIne
1311 4987 1450 5071 predicti
1475 5039 1507 5051 ..
1533 4983 1660 5052 comitis
1684 4989 1718 5048 et
1741 4997 1800 5062 pro
1823 4977 1895 5059 ipso
1920 4971 2057 5057 pagavit

407 5114 494 5180 dicto
517 5113 612 5179 iudeo
636 5107 875 5192 quinquaginta
897 5123 1027 5173 marcas
1044 5099 1253 5168 denariorum
1270 5095 1510 5165 Coloniensium
1527 5090 1699 5160 occasione
1714 5082 1922 5170 prelatarum
1937 5077 2056 5165 ulginti

408 5229 548 5304 quatuor
571 5237 755 5286 marcarum
780 5216 813 5281 in
837 5211 1013 5298 principali
1036 5219 1125 5277 sorte
1149 5227 1208 5290 per
1224 5203 1413 5273 Craitonem
1431 5205 1588 5283 Groppen
1612 5201 1852 5280 perceptarum,
1878 5196 1911 5256 et
1930 5187 1979 5254 ita
1995 5185 2058 5252 scit

408 5350 466 5413 pro
492 5335 592 5410 certo,
617 5334 651 5394 et
675 5325 765 5405 dicit,
790 5325 876 5405 quod
898 5322 968 5404 ipse
992 5319 1107 5386 iudeus
1132 5317 1178 5384 sic
1202 5313 1343 5382 extorsit
1359 5314 1400 5378 ab
1416 5310 1488 5394 ipso
1505 5305 1622 5374 comite
1639 5309 1672 5372 et
1688 5301 1817 5370 nomme
1834 5297 1903 5364 eius
1919 5294 2058 5378 triginta

409 5457 466 5504 sex
497 5455 626 5502 marcas
658 5431 865 5500 denariorum
890 5419 1446 5514 (toloniensiumssetgquadraginta
1477 5434 1592 5483 novem
1623 5413 1727 5479 libras
1750 5402 1944 5474 hallensium
1968 5399 2057 5468 velut

410 5551 531 5612 sortem
555 5541 770 5626 principalem
786 5536 938 5604 usuraria
955 5533 1131 5616 pravitate.
1167 5531 1251 5596 Item
1268 5527 1445 5610 requisitus
1462 5542 1560 5606 super
1577 5527 1695 5602 quarto
1712 5515 1851 5584 articulo
1867 5525 2057 5594 responsum

676 5820 700 5864 a)
717 5809 757 5854 Or.
774 5805 981 5860 praemuniens.
1012 5801 1036 5844 bt
1051 5799 1091 5843 Or.
1108 5797 1191 5850 ,cltu“.
1219 5801 1241 5846 o)
1257 5792 1424 5846 ,draitonaml
1439 5789 1502 5832 alebi
1516 5785 1662 5841 (tappetem
1677 5781 1718 5826 Or.
