<?xml version="1.0" encoding="UTF-8"?>
<!DOCTYPE html PUBLIC "-//W3C//DTD XHTML 1.0 Transitional//EN"
    "http://www.w3.org/TR/xhtml1/DTD/xhtml1-transitional.dtd">
<html xmlns="http://www.w3.org/1999/xhtml" xml:lang="en" lang="en">
 <head>
  <title>
</title>
<meta http-equiv="Content-Type" content="text/html;charset=utf-8" />
  <meta name='ocr-system' content='tesseract 3.04.00' />
  <meta name='ocr-capabilities' content='ocr_page ocr_carea ocr_par ocr_line ocrx_word'/>
</head>
<body>
  <div class='ocr_page' id='page_1' title='image "./codexdiplomatic01nathgoog_0191.png"; bbox 0 0 4436 6404; ppageno 0'>
   <div class='ocr_carea' id='block_1_1' title="bbox 817 354 1823 434">
    <p class='ocr_par' dir='ltr' id='par_1_1' title="bbox 817 354 1823 434">
     <span class='ocr_line' id='line_1_1' title="bbox 817 354 1823 434; baseline 0.017 -23"><span class='ocrx_word' id='word_1_1' title='bbox 817 354 820 362; x_wconf 85' lang='grc'><strong>’</strong></span> <span class='ocrx_word' id='word_1_2' title='bbox 899 359 968 412; x_wconf 79' lang='lat'>132³</span> <span class='ocrx_word' id='word_1_3' title='bbox 987 357 1044 413; x_wconf 88' lang='lat' dir='ltr'><strong>Juli</strong></span> <span class='ocrx_word' id='word_1_4' title='bbox 1065 355 1106 412; x_wconf 85' lang='lat'><strong>13&#39;.</strong></span> <span class='ocrx_word' id='word_1_5' title='bbox 1761 367 1823 434; x_wconf 80' lang='grc'><strong>179</strong></span> 
     </span>
    </p>
   </div>
   <div class='ocr_carea' id='block_1_2' title="bbox 173 554 1842 1923">
    <p class='ocr_par' dir='ltr' id='par_1_2' title="bbox 173 554 1842 1923">
     <span class='ocr_line' id='line_1_2' title="bbox 174 554 1824 643; baseline 0.005 -23"><span class='ocrx_word' id='word_1_6' title='bbox 174 562 283 620; x_wconf 92' lang='lat' dir='ltr'><strong>nostre</strong></span> <span class='ocrx_word' id='word_1_7' title='bbox 310 555 456 636; x_wconf 84' lang='lat' dir='ltr'>predicte</span> <span class='ocrx_word' id='word_1_8' title='bbox 479 554 633 638; x_wconf 90' lang='lat' dir='ltr'><strong>vicarius,</strong></span> <span class='ocrx_word' id='word_1_9' title='bbox 659 555 845 622; x_wconf 68' lang='lat' dir='ltr'><strong>construxit</strong></span> <span class='ocrx_word' id='word_1_10' title='bbox 869 563 902 628; x_wconf 87' lang='lat' dir='ltr'><strong>et</strong></span> <span class='ocrx_word' id='word_1_11' title='bbox 926 561 968 624; x_wconf 88' lang='lat' dir='ltr'><strong>ad</strong></span> <span class='ocrx_word' id='word_1_12' title='bbox 992 556 1062 624; x_wconf 90' lang='lat' dir='ltr'><strong>dies</strong></span> <span class='ocrx_word' id='word_1_13' title='bbox 1077 557 1145 624; x_wconf 91' lang='lat' dir='ltr'><strong>vite</strong></span> <span class='ocrx_word' id='word_1_14' title='bbox 1162 576 1220 624; x_wconf 90' lang='lat' dir='ltr'><strong>sue</strong></span> <span class='ocrx_word' id='word_1_15' title='bbox 1235 557 1456 640; x_wconf 88' lang='lat' dir='ltr'><strong>inhabitabat,</strong></span> <span class='ocrx_word' id='word_1_16' title='bbox 1481 559 1580 626; x_wconf 87' lang='lat' dir='ltr'><strong>sitam</strong></span> <span class='ocrx_word' id='word_1_17' title='bbox 1596 564 1681 643; x_wconf 91' lang='lat' dir='ltr'><strong>apud</strong></span> <span class='ocrx_word' id='word_1_18' title='bbox 1699 560 1824 630; x_wconf 87' lang='lat' dir='ltr'><strong>iontem</strong></span> 
     </span>
     <span class='ocr_line' id='line_1_3' title="bbox 174 661 1823 747; baseline 0.006 -21"><span class='ocrx_word' id='word_1_19' title='bbox 174 661 295 728; x_wconf 89' lang='lat' dir='ltr'><strong>dictum</strong></span> <span class='ocrx_word' id='word_1_20' title='bbox 325 661 516 744; x_wconf 89' lang='lat' dir='ltr'><strong>Luprandis</strong></span> <span class='ocrx_word' id='word_1_21' title='bbox 546 664 640 745; x_wconf 92' lang='lat' dir='ltr'><strong>burn,</strong></span> <span class='ocrx_word' id='word_1_22' title='bbox 666 666 709 728; x_wconf 89' lang='lat' dir='ltr'><strong>ad</strong></span> <span class='ocrx_word' id='word_1_23' title='bbox 740 681 800 729; x_wconf 93' lang='lat' dir='ltr'><strong>nos</strong></span> <span class='ocrx_word' id='word_1_24' title='bbox 830 671 864 730; x_wconf 87' lang='lat' dir='ltr'><strong>et</strong></span> <span class='ocrx_word' id='word_1_25' title='bbox 896 663 1066 734; x_wconf 85' lang='lat' dir='ltr'><strong>ecclesiam</strong></span> <span class='ocrx_word' id='word_1_26' title='bbox 1097 671 1243 730; x_wconf 87' lang='lat' dir='ltr'><strong>nostram</strong></span> <span class='ocrx_word' id='word_1_27' title='bbox 1275 663 1440 747; x_wconf 82' lang='lat' dir='ltr'><strong>prefatam</strong></span> <span class='ocrx_word' id='word_1_28' title='bbox 1470 686 1510 732; x_wconf 85' lang='lat' dir='ltr'><strong>ex</strong></span> <span class='ocrx_word' id='word_1_29' title='bbox 1541 674 1647 734; x_wconf 90' lang='lat' dir='ltr'><strong>morte</strong></span> <span class='ocrx_word' id='word_1_30' title='bbox 1678 669 1823 736; x_wconf 89' lang='lat' dir='ltr'><strong>eiusdem</strong></span> 
     </span>
     <span class='ocr_line' id='line_1_4' title="bbox 174 765 1824 858; baseline 0.005 -25"><span class='ocrx_word' id='word_1_31' title='bbox 174 769 319 835; x_wconf 81' lang='lat' dir='ltr'><strong>Echardi</strong></span> <span class='ocrx_word' id='word_1_32' title='bbox 348 771 535 838; x_wconf 80' lang='lat' dir='ltr'><strong>devolutam</strong></span> <span class='ocrx_word' id='word_1_33' title='bbox 566 788 639 836; x_wconf 91' lang='lat' dir='ltr'><strong>cum</strong></span> <span class='ocrx_word' id='word_1_34' title='bbox 663 775 736 856; x_wconf 87' lang='lat' dir='ltr'><strong>tota</strong></span> <span class='ocrx_word' id='word_1_35' title='bbox 767 790 855 852; x_wconf 88' lang='lat' dir='ltr'><strong>area,</strong></span> <span class='ocrx_word' id='word_1_36' title='bbox 880 769 989 843; x_wconf 82' lang='lat' dir='ltr'><strong>sicut⁸</strong></span> <span class='ocrx_word' id='word_1_37' title='bbox 1012 770 1082 853; x_wconf 88' lang='lat' dir='ltr'><strong>ipse</strong></span> <span class='ocrx_word' id='word_1_38' title='bbox 1105 771 1280 838; x_wconf 87' lang='lat' dir='ltr'><strong>Echardus</strong></span> <span class='ocrx_word' id='word_1_39' title='bbox 1304 772 1460 856; x_wconf 83' lang='lat' dir='ltr'><strong>possedit,</strong></span> <span class='ocrx_word' id='word_1_40' title='bbox 1486 765 1621 858; x_wconf 85' lang='lat' dir='ltr'><strong>propter</strong></span> <span class='ocrx_word' id='word_1_41' title='bbox 1644 775 1824 844; x_wconf 75' lang='lat' dir='ltr'><strong>utilitatem</strong></span> 
     </span>
     <span class='ocr_line' id='line_1_5' title="bbox 174 876 1842 960; baseline 0.002 -19"><span class='ocrx_word' id='word_1_42' title='bbox 174 876 309 942; x_wconf 90' lang='lat' dir='ltr'><strong>ecclesie</strong></span> <span class='ocrx_word' id='word_1_43' title='bbox 332 883 446 943; x_wconf 90' lang='lat' dir='ltr'><strong>nostre</strong></span> <span class='ocrx_word' id='word_1_44' title='bbox 470 877 617 960; x_wconf 89' lang='lat' dir='ltr'><strong>predicte</strong></span> <span class='ocrx_word' id='word_1_45' title='bbox 640 877 847 945; x_wconf 85' lang='lat' dir='ltr'><strong>vendidimus</strong></span> <span class='ocrx_word' id='word_1_46' title='bbox 871 886 904 946; x_wconf 91' lang='lat' dir='ltr'><strong>et</strong></span> <span class='ocrx_word' id='word_1_47' title='bbox 927 877 1107 945; x_wconf 84' lang='lat' dir='ltr'><strong>locavimus</strong></span> <span class='ocrx_word' id='word_1_48' title='bbox 1130 878 1217 944; x_wconf 89' lang='lat' dir='ltr'><strong>iusto</strong></span> <span class='ocrx_word' id='word_1_49' title='bbox 1242 878 1445 948; x_wconf 88' lang='lat' dir='ltr'><strong>vendicionis</strong></span> <span class='ocrx_word' id='word_1_50' title='bbox 1469 888 1502 946; x_wconf 93' lang='lat' dir='ltr'><strong>et</strong></span> <span class='ocrx_word' id='word_1_51' title='bbox 1524 881 1702 950; x_wconf 84' lang='lat' dir='ltr'><strong>locucionis</strong></span> <span class='ocrx_word' id='word_1_52' title='bbox 1726 883 1842 950; x_wconf 92' lang='lat' dir='ltr'><strong>titulo.</strong></span> 
     </span>
     <span class='ocr_line' id='line_1_6' title="bbox 174 982 1825 1072; baseline 0.004 -22"><span class='ocrx_word' id='word_1_53' title='bbox 174 982 355 1066; x_wconf 84' lang='lat' dir='ltr'><strong>Gerhardo,</strong></span> <span class='ocrx_word' id='word_1_54' title='bbox 370 983 506 1072; x_wconf 88' lang='lat' dir='ltr'><strong>ecclesie</strong></span> <span class='ocrx_word' id='word_1_55' title='bbox 522 990 635 1052; x_wconf 90' lang='lat' dir='ltr'><strong>nostre</strong></span> <span class='ocrx_word' id='word_1_56' title='bbox 652 992 830 1052; x_wconf 88' lang='lat' dir='ltr'><strong>memorate</strong></span> <span class='ocrx_word' id='word_1_57' title='bbox 846 983 981 1066; x_wconf 84' lang='lat' dir='ltr'><strong>vicario,</strong></span> <span class='ocrx_word' id='word_1_58' title='bbox 995 1004 1054 1068; x_wconf 90' lang='lat' dir='ltr'><strong>pro</strong></span> <span class='ocrx_word' id='word_1_59' title='bbox 1072 985 1212 1052; x_wconf 79' lang='lat' dir='ltr'><strong>sedecim</strong></span> <span class='ocrx_word' id='word_1_60' title='bbox 1229 985 1348 1052; x_wconf 83' lang='lat' dir='ltr'><strong>marcis</strong></span> <span class='ocrx_word' id='word_1_61' title='bbox 1364 986 1573 1055; x_wconf 88' lang='lat' dir='ltr'><strong>denariorum</strong></span> <span class='ocrx_word' id='word_1_62' title='bbox 1585 988 1825 1056; x_wconf 82' lang='lat' dir='ltr'><strong>Coloniensium</strong></span> 
     </span>
     <span class='ocr_line' id='line_1_7' title="bbox 173 1089 1822 1179; baseline 0.007 -25"><span class='ocrx_word' id='word_1_63' title='bbox 173 1089 311 1172; x_wconf 86' lang='lat' dir='ltr'><strong>pecunie</strong></span> <span class='ocrx_word' id='word_1_64' title='bbox 327 1096 508 1174; x_wconf 88' lang='lat' dir='ltr'><strong>numerate,</strong></span> <span class='ocrx_word' id='word_1_65' title='bbox 534 1112 616 1173; x_wconf 86' lang='lat' dir='ltr'><strong>quas</strong></span> <span class='ocrx_word' id='word_1_66' title='bbox 631 1092 666 1158; x_wconf 94' lang='lat' dir='ltr'><strong>in</strong></span> <span class='ocrx_word' id='word_1_67' title='bbox 681 1112 760 1159; x_wconf 90' lang='lat' dir='ltr'><strong>usus</strong></span> <span class='ocrx_word' id='word_1_68' title='bbox 776 1091 914 1162; x_wconf 89' lang='lat' dir='ltr'><strong>ecclesie</strong></span> <span class='ocrx_word' id='word_1_69' title='bbox 929 1099 1042 1160; x_wconf 89' lang='lat' dir='ltr'><strong>nostre</strong></span> <span class='ocrx_word' id='word_1_70' title='bbox 1057 1099 1236 1160; x_wconf 89' lang='lat' dir='ltr'><strong>memorate</strong></span> <span class='ocrx_word' id='word_1_71' title='bbox 1252 1093 1515 1177; x_wconf 83' lang='lat' dir='ltr'><strong>recognoscimus</strong></span> <span class='ocrx_word' id='word_1_72' title='bbox 1532 1114 1592 1162; x_wconf 92' lang='lat' dir='ltr'><strong>nos</strong></span> <span class='ocrx_word' id='word_1_73' title='bbox 1610 1097 1822 1179; x_wconf 89' lang='lat' dir='ltr'><strong>convertisse,</strong></span> 
     </span>
     <span class='ocr_line' id='line_1_8' title="bbox 173 1197 1825 1285; baseline 0.006 -24"><span class='ocrx_word' id='word_1_74' title='bbox 173 1200 215 1262; x_wconf 86' lang='lat' dir='ltr'><strong>ad</strong></span> <span class='ocrx_word' id='word_1_75' title='bbox 247 1197 317 1263; x_wconf 91' lang='lat' dir='ltr'><strong>vite</strong></span> <span class='ocrx_word' id='word_1_76' title='bbox 350 1217 409 1264; x_wconf 90' lang='lat' dir='ltr'><strong>sne</strong></span> <span class='ocrx_word' id='word_1_77' title='bbox 441 1206 591 1282; x_wconf 89' lang='lat' dir='ltr'><strong>tempora</strong></span> <span class='ocrx_word' id='word_1_78' title='bbox 623 1199 869 1282; x_wconf 87' lang='lat' dir='ltr'><strong>possidendam,</strong></span> <span class='ocrx_word' id='word_1_79' title='bbox 904 1206 1131 1266; x_wconf 87' lang='lat' dir='ltr'><strong>verumtamen</strong></span> <span class='ocrx_word' id='word_1_80' title='bbox 1164 1219 1296 1266; x_wconf 89' lang='lat' dir='ltr'><strong>censum</strong></span> <span class='ocrx_word' id='word_1_81' title='bbox 1330 1199 1473 1266; x_wconf 88' lang='lat' dir='ltr'><strong>eiusdem</strong></span> <span class='ocrx_word' id='word_1_82' title='bbox 1506 1204 1635 1285; x_wconf 80' lang='lat' dir='ltr'><strong>domne,</strong></span> <span class='ocrx_word' id='word_1_83' title='bbox 1669 1203 1825 1272; x_wconf 89' lang='lat' dir='ltr'><strong>videlicet</strong></span> 
     </span>
     <span class='ocr_line' id='line_1_9' title="bbox 173 1304 1825 1394; baseline 0.005 -24"><span class='ocrx_word' id='word_1_84' title='bbox 173 1305 330 1370; x_wconf 90' lang='lat' dir='ltr'><strong>tredecim</strong></span> <span class='ocrx_word' id='word_1_85' title='bbox 362 1306 492 1373; x_wconf 80' lang='lat' dir='ltr'><strong>solidos</strong></span> <span class='ocrx_word' id='word_1_86' title='bbox 515 1305 723 1373; x_wconf 89' lang='lat' dir='ltr'><strong>denariorum</strong></span> <span class='ocrx_word' id='word_1_87' title='bbox 753 1304 882 1388; x_wconf 89' lang='lat' dir='ltr'><strong>levium,</strong></span> <span class='ocrx_word' id='word_1_88' title='bbox 907 1305 992 1372; x_wconf 90' lang='lat' dir='ltr'><strong>idem</strong></span> <span class='ocrx_word' id='word_1_89' title='bbox 1017 1307 1209 1374; x_wconf 83' lang='lat' dir='ltr'><strong>Gerhardus</strong></span> <span class='ocrx_word' id='word_1_90' title='bbox 1239 1306 1385 1388; x_wconf 89' lang='lat' dir='ltr'><strong>quolibet</strong></span> <span class='ocrx_word' id='word_1_91' title='bbox 1414 1307 1493 1374; x_wconf 89' lang='lat' dir='ltr'><strong>anni</strong></span> <span class='ocrx_word' id='word_1_92' title='bbox 1524 1308 1645 1376; x_wconf 92' lang='lat' dir='ltr'><strong>circulo</strong></span> <span class='ocrx_word' id='word_1_93' title='bbox 1669 1310 1703 1376; x_wconf 92' lang='lat' dir='ltr'><strong>in</strong></span> <span class='ocrx_word' id='word_1_94' title='bbox 1727 1331 1825 1394; x_wconf 85' lang='lat' dir='ltr'><strong>expe·</strong></span> 
     </span>
     <span class='ocr_line' id='line_1_10' title="bbox 174 1410 1824 1496; baseline 0.004 -19"><span class='ocrx_word' id='word_1_95' title='bbox 174 1411 333 1478; x_wconf 90' lang='lat' dir='ltr'><strong>dicionem</strong></span> <span class='ocrx_word' id='word_1_96' title='bbox 356 1410 451 1478; x_wconf 89' lang='lat' dir='ltr'><strong>fundi</strong></span> <span class='ocrx_word' id='word_1_97' title='bbox 473 1413 580 1482; x_wconf 90' lang='lat' dir='ltr'><strong>solvet</strong></span> <span class='ocrx_word' id='word_1_98' title='bbox 604 1412 754 1496; x_wconf 84' lang='lat' dir='ltr'><strong>expedite</strong></span> <span class='ocrx_word' id='word_1_99' title='bbox 779 1420 812 1479; x_wconf 91' lang='lat' dir='ltr'><strong>et</strong></span> <span class='ocrx_word' id='word_1_100' title='bbox 835 1412 1058 1482; x_wconf 79' lang='lat' dir='ltr'><strong>nichilominus</strong></span> <span class='ocrx_word' id='word_1_101' title='bbox 1082 1412 1204 1479; x_wconf 90' lang='lat' dir='ltr'><strong>dictam</strong></span> <span class='ocrx_word' id='word_1_102' title='bbox 1228 1417 1355 1480; x_wconf 90' lang='lat' dir='ltr'><strong>domum</strong></span> <span class='ocrx_word' id='word_1_103' title='bbox 1379 1414 1505 1483; x_wconf 88' lang='lat' dir='ltr'><strong>reficiet</strong></span> <span class='ocrx_word' id='word_1_104' title='bbox 1528 1416 1616 1484; x_wconf 92' lang='lat' dir='ltr'><strong>acin</strong></span> <span class='ocrx_word' id='word_1_105' title='bbox 1633 1418 1824 1484; x_wconf 90' lang='lat' dir='ltr'><strong>decentibus</strong></span> 
     </span>
     <span class='ocr_line' id='line_1_11' title="bbox 173 1519 1825 1607; baseline 0.004 -23"><span class='ocrx_word' id='word_1_106' title='bbox 173 1519 309 1585; x_wconf 89' lang='lat' dir='ltr'><strong>edificiis</strong></span> <span class='ocrx_word' id='word_1_107' title='bbox 340 1526 374 1585; x_wconf 92' lang='lat' dir='ltr'><strong>et</strong></span> <span class='ocrx_word' id='word_1_108' title='bbox 404 1520 602 1586; x_wconf 88' lang='lat' dir='ltr'><strong>necessariis</strong></span> <span class='ocrx_word' id='word_1_109' title='bbox 632 1520 843 1594; x_wconf 86' lang='lat' dir='ltr'><strong>conservabit</strong></span> <span class='ocrx_word' id='word_1_110' title='bbox 872 1521 942 1587; x_wconf 91' lang='lat' dir='ltr'><strong>suis</strong></span> <span class='ocrx_word' id='word_1_111' title='bbox 972 1519 1139 1586; x_wconf 88' lang='lat' dir='ltr'><strong>laboribus</strong></span> <span class='ocrx_word' id='word_1_112' title='bbox 1170 1527 1204 1587; x_wconf 89' lang='lat' dir='ltr'><strong>et</strong></span> <span class='ocrx_word' id='word_1_113' title='bbox 1235 1521 1396 1604; x_wconf 84' lang='lat' dir='ltr'><strong>expensis.</strong></span> <span class='ocrx_word' id='word_1_114' title='bbox 1443 1525 1484 1589; x_wconf 90' lang='lat' dir='ltr'><strong>In</strong></span> <span class='ocrx_word' id='word_1_115' title='bbox 1507 1523 1726 1590; x_wconf 89' lang='lat' dir='ltr'><strong>testimonium</strong></span> <span class='ocrx_word' id='word_1_116' title='bbox 1751 1545 1825 1607; x_wconf 88' lang='lat' dir='ltr'><strong>pre-</strong></span> 
     </span>
     <span class='ocr_line' id='line_1_12' title="bbox 173 1625 1826 1716; baseline 0.004 -24"><span class='ocrx_word' id='word_1_117' title='bbox 173 1625 345 1692; x_wconf 88' lang='lat' dir='ltr'><strong>missorum</strong></span> <span class='ocrx_word' id='word_1_118' title='bbox 370 1627 517 1694; x_wconf 90' lang='lat' dir='ltr'><strong>dedimus</strong></span> <span class='ocrx_word' id='word_1_119' title='bbox 534 1628 706 1694; x_wconf 81' lang='lat' dir='ltr'><strong>Gerhardo</strong></span> <span class='ocrx_word' id='word_1_120' title='bbox 732 1634 906 1710; x_wconf 89' lang='lat' dir='ltr'><strong>prenotato</strong></span> <span class='ocrx_word' id='word_1_121' title='bbox 923 1635 1094 1710; x_wconf 90' lang='lat' dir='ltr'><strong>presentes</strong></span> <span class='ocrx_word' id='word_1_122' title='bbox 1110 1627 1234 1694; x_wconf 86' lang='lat' dir='ltr'><strong>litteras</strong></span> <span class='ocrx_word' id='word_1_123' title='bbox 1251 1629 1388 1695; x_wconf 90' lang='lat' dir='ltr'><strong>ecclesie</strong></span> <span class='ocrx_word' id='word_1_124' title='bbox 1404 1636 1516 1696; x_wconf 90' lang='lat' dir='ltr'><strong>nostre</strong></span> <span class='ocrx_word' id='word_1_125' title='bbox 1531 1638 1710 1698; x_wconf 90' lang='lat' dir='ltr'><strong>memorate</strong></span> <span class='ocrx_word' id='word_1_126' title='bbox 1726 1631 1826 1716; x_wconf 85' lang='lat' dir='ltr'><strong>sigilli</strong></span> 
     </span>
     <span class='ocr_line' id='line_1_13' title="bbox 174 1715 1826 1828; baseline 0.004 -28"><span class='ocrx_word' id='word_1_127' title='bbox 174 1733 306 1800; x_wconf 84' lang='lat' dir='ltr'><strong>maioris</strong></span> <span class='ocrx_word' id='word_1_128' title='bbox 329 1733 505 1800; x_wconf 90' lang='lat' dir='ltr'><strong>munimine</strong></span> <span class='ocrx_word' id='word_1_129' title='bbox 529 1736 713 1801; x_wconf 87' lang='lat' dir='ltr'><strong>roboratas.</strong></span> <span class='ocrx_word' id='word_1_130' title='bbox 760 1737 881 1802; x_wconf 89' lang='lat' dir='ltr'><strong>Actum</strong></span> <span class='ocrx_word' id='word_1_131' title='bbox 898 1741 931 1800; x_wconf 92' lang='lat' dir='ltr'><strong>et</strong></span> <span class='ocrx_word' id='word_1_132' title='bbox 948 1737 1059 1800; x_wconf 88' lang='lat' dir='ltr'><strong>datum</strong></span> <span class='ocrx_word' id='word_1_133' title='bbox 1077 1754 1162 1800; x_wconf 90' lang='lat' dir='ltr'><strong>anno</strong></span> <span class='ocrx_word' id='word_1_134' title='bbox 1179 1733 1300 1801; x_wconf 89' lang='lat' dir='ltr'><strong>domini</strong></span> <span class='ocrx_word' id='word_1_135' title='bbox 1315 1737 1355 1800; x_wconf 80' lang='lat' dir='ltr'><strong>rin.</strong></span> <span class='ocrx_word' id='word_1_136' title='bbox 1374 1729 1435 1802; x_wconf 82' lang='lat' dir='ltr'><strong>co&#39;c.</strong></span> <span class='ocrx_word' id='word_1_137' title='bbox 1453 1715 1594 1818; x_wconf 61' lang='lat' dir='ltr'><strong>X⁰XlH.,</strong></span> <span class='ocrx_word' id='word_1_138' title='bbox 1620 1736 1705 1828; x_wconf 83' lang='lat' dir='ltr'><strong>feria</strong></span> <span class='ocrx_word' id='word_1_139' title='bbox 1720 1739 1826 1806; x_wconf 89' lang='lat' dir='ltr'><strong>tercia</strong></span> 
     </span>
     <span class='ocr_line' id='line_1_14' title="bbox 174 1839 707 1923; baseline 0.004 -17"><span class='ocrx_word' id='word_1_140' title='bbox 174 1847 248 1923; x_wconf 89' lang='lat' dir='ltr'><strong>post</strong></span> <span class='ocrx_word' id='word_1_141' title='bbox 272 1840 357 1907; x_wconf 91' lang='lat' dir='ltr'><strong>diem</strong></span> <span class='ocrx_word' id='word_1_142' title='bbox 381 1841 472 1908; x_wconf 89' lang='lat' dir='ltr'><strong>beati</strong></span> <span class='ocrx_word' id='word_1_143' title='bbox 494 1839 667 1908; x_wconf 82' lang='lat' dir='ltr'><strong>Boniiacii.</strong></span> <span class='ocrx_word' id='word_1_144' title='bbox 703 1891 707 1896; x_wconf 44' lang='lat'><strong>.-</strong></span> 
     </span>
    </p>
   </div>
   <div class='ocr_carea' id='block_1_3' title="bbox 389 1982 1581 2054">
    <p class='ocr_par' dir='ltr' id='par_1_3' title="bbox 389 1982 1581 2054">
     <span class='ocr_line' id='line_1_15' title="bbox 389 1982 1581 2054; baseline 0.002 -16"><span class='ocrx_word' id='word_1_145' title='bbox 389 1983 578 2054; x_wconf 68' lang='lat' dir='ltr'><strong>Gicicioecitigc</strong></span> <span class='ocrx_word' id='word_1_146' title='bbox 596 1982 738 2048; x_wconf 76' lang='lat' dir='ltr'><strong>Abschrift</strong></span> <span class='ocrx_word' id='word_1_147' title='bbox 755 1984 786 2040; x_wconf 83' lang='lat' dir='ltr'><strong>in</strong></span> <span class='ocrx_word' id='word_1_148' title='bbox 804 1983 1116 2052; x_wconf 68' lang='lat' dir='ltr'><strong>Barth-ScistBticher,</strong></span> <span class='ocrx_word' id='word_1_149' title='bbox 1134 1984 1210 2040; x_wconf 79' lang='lat' dir='ltr'><strong>Serio</strong></span> <span class='ocrx_word' id='word_1_150' title='bbox 1227 1985 1266 2040; x_wconf 88' lang='lat'><strong>11</strong></span> <span class='ocrx_word' id='word_1_151' title='bbox 1283 1986 1335 2040; x_wconf 90' lang='lat' dir='ltr'><strong>No.</strong></span> <span class='ocrx_word' id='word_1_152' title='bbox 1350 1989 1391 2040; x_wconf 88' lang='lat'><strong>10.</strong></span> <span class='ocrx_word' id='word_1_153' title='bbox 1428 1985 1467 2041; x_wconf 77' lang='lat' dir='ltr'><strong>St.</strong></span> <span class='ocrx_word' id='word_1_154' title='bbox 1481 1987 1516 2041; x_wconf 76' lang='lat' dir='ltr'><strong>A.</strong></span> <span class='ocrx_word' id='word_1_155' title='bbox 1531 1987 1581 2042; x_wconf 83' lang='lat' dir='ltr'><strong>Fr.</strong></span> 
     </span>
    </p>
   </div>
   <div class='ocr_carea' id='block_1_4' title="bbox 172 2269 1827 2472">
    <p class='ocr_par' dir='ltr' id='par_1_4' title="bbox 172 2269 1827 2472">
     <span class='ocr_line' id='line_1_16' title="bbox 172 2269 1827 2372; baseline 0.005 -28"><span class='ocrx_word' id='word_1_156' title='bbox 172 2269 264 2346; x_wconf 89' lang='grc'><strong>222.</strong></span> <span class='ocrx_word' id='word_1_157' title='bbox 279 2279 422 2358; x_wconf 67' lang='lat' dir='ltr'><strong>Maiis,</strong></span> <span class='ocrx_word' id='word_1_158' title='bbox 454 2279 520 2344; x_wconf 85' lang='lat' dir='ltr'><strong>Abi</strong></span> <span class='ocrx_word' id='word_1_159' title='bbox 548 2281 603 2345; x_wconf 83' lang='lat' dir='ltr'><strong>clos</strong></span> <span class='ocrx_word' id='word_1_160' title='bbox 632 2280 907 2350; x_wconf 73' lang='lat' dir='ltr'><strong>Setouadtostas</strong></span> <span class='ocrx_word' id='word_1_161' title='bbox 936 2303 978 2345; x_wconf 71' lang='lat' dir='ltr'><strong>acc</strong></span> <span class='ocrx_word' id='word_1_162' title='bbox 1000 2281 1097 2360; x_wconf 72' lang='lat' dir='ltr'><strong>ilico,</strong></span> <span class='ocrx_word' id='word_1_163' title='bbox 1129 2282 1234 2346; x_wconf 69' lang='lat' dir='ltr'><strong>suadet</strong></span> <span class='ocrx_word' id='word_1_164' title='bbox 1262 2283 1332 2346; x_wconf 82' lang='lat' dir='ltr'><strong>clera</strong></span> <span class='ocrx_word' id='word_1_165' title='bbox 1361 2283 1572 2366; x_wconf 69' lang='lat' dir='ltr'><strong>Stistsbopiiei</strong></span> <span class='ocrx_word' id='word_1_166' title='bbox 1601 2285 1655 2350; x_wconf 83' lang='lat' dir='ltr'><strong>ties</strong></span> <span class='ocrx_word' id='word_1_167' title='bbox 1679 2286 1827 2372; x_wconf 70' lang='lat' dir='ltr'><strong>Heniqea</strong></span> 
     </span>
     <span class='ocr_line' id='line_1_17' title="bbox 293 2385 1827 2472; baseline 0.005 -20"><span class='ocrx_word' id='word_1_168' title='bbox 293 2385 399 2470; x_wconf 76' lang='lat' dir='ltr'><strong>Georp</strong></span> <span class='ocrx_word' id='word_1_169' title='bbox 422 2409 464 2450; x_wconf 76' lang='lat' dir='ltr'><strong>ca</strong></span> <span class='ocrx_word' id='word_1_170' title='bbox 487 2385 673 2469; x_wconf 72' lang='lat' dir='ltr'><strong>Fronbsuoi</strong></span> <span class='ocrx_word' id='word_1_171' title='bbox 701 2389 765 2472; x_wconf 77' lang='lat' dir='ltr'><strong>auf</strong></span> <span class='ocrx_word' id='word_1_172' title='bbox 785 2388 892 2453; x_wconf 82' lang='lat' dir='ltr'><strong>Biticn</strong></span> <span class='ocrx_word' id='word_1_173' title='bbox 915 2389 970 2454; x_wconf 83' lang='lat' dir='ltr'><strong>dcc</strong></span> <span class='ocrx_word' id='word_1_174' title='bbox 987 2387 1101 2454; x_wconf 64' lang='lat' dir='ltr'><strong>Aretes</strong></span> <span class='ocrx_word' id='word_1_175' title='bbox 1121 2389 1276 2454; x_wconf 73' lang='lat' dir='ltr'><strong>Heinrich</strong></span> <span class='ocrx_word' id='word_1_176' title='bbox 1299 2409 1359 2454; x_wconf 83' lang='lat' dir='ltr'><strong>oon</strong></span> <span class='ocrx_word' id='word_1_177' title='bbox 1376 2391 1672 2458; x_wconf 66' lang='lat' dir='ltr'><strong>tuate-Neaeram</strong></span> <span class='ocrx_word' id='word_1_178' title='bbox 1694 2395 1745 2459; x_wconf 80' lang='lat' dir='ltr'><strong>die</strong></span> <span class='ocrx_word' id='word_1_179' title='bbox 1767 2416 1827 2460; x_wconf 78' lang='lat' dir='ltr'><strong>nort</strong></span> 
     </span>
    </p>
   </div>
   <div class='ocr_carea' id='block_1_5' title="bbox 290 2494 1824 2680">
    <p class='ocr_par' dir='ltr' id='par_1_5' title="bbox 290 2494 1824 2680">
     <span class='ocr_line' id='line_1_18' title="bbox 290 2494 1824 2594; baseline 0.005 -36"><span class='ocrx_word' id='word_1_180' title='bbox 290 2495 407 2558; x_wconf 84' lang='lat' dir='ltr'><strong>diesem</strong></span> <span class='ocrx_word' id='word_1_181' title='bbox 436 2515 497 2559; x_wconf 77' lang='lat' dir='ltr'><strong>arcs</strong></span> <span class='ocrx_word' id='word_1_182' title='bbox 526 2494 639 2576; x_wconf 70' lang='lat' dir='ltr'><strong>functi</strong></span> <span class='ocrx_word' id='word_1_183' title='bbox 669 2495 837 2594; x_wconf 61' lang='lat' dir='ltr'><strong>Qcpcndcn</strong></span> <span class='ocrx_word' id='word_1_184' title='bbox 866 2495 1160 2580; x_wconf 75' lang='lat' dir='ltr'><strong>lierbeipeschoffien</strong></span> <span class='ocrx_word' id='word_1_185' title='bbox 1192 2495 1355 2578; x_wconf 67' lang='lat' dir='ltr'><strong>neironem</strong></span> <span class='ocrx_word' id='word_1_186' title='bbox 1384 2497 1438 2561; x_wconf 82' lang='lat' dir='ltr'><strong>des</strong></span> <span class='ocrx_word' id='word_1_187' title='bbox 1468 2497 1616 2582; x_wconf 78' lang='lat' dir='ltr'><strong>Heilipca</strong></span> <span class='ocrx_word' id='word_1_188' title='bbox 1637 2497 1824 2567; x_wconf 61' lang='lat' dir='ltr'><strong>‚Leonliorcl</strong></span> 
     </span>
     <span class='ocr_line' id='line_1_19' title="bbox 300 2601 699 2680; baseline -0.005 -12"><span class='ocrx_word' id='word_1_189' title='bbox 300 2601 400 2680; x_wconf 77' lang='lat' dir='ltr'><strong>Wctt,</strong></span> <span class='ocrx_word' id='word_1_190' title='bbox 425 2607 514 2666; x_wconf 81' lang='lat'><strong><em>1323</em></strong></span> <span class='ocrx_word' id='word_1_191' title='bbox 536 2601 608 2667; x_wconf 80' lang='lat' dir='ltr'><strong>Juii</strong></span> <span class='ocrx_word' id='word_1_192' title='bbox 633 2603 699 2670; x_wconf 60' lang='lat'><strong>13)</strong></span> 
     </span>
    </p>
   </div>
   <div class='ocr_carea' id='block_1_6' title="bbox 111 2743 1828 5397">
    <p class='ocr_par' dir='ltr' id='par_1_6' title="bbox 111 2743 1828 5164">
     <span class='ocr_line' id='line_1_20' title="bbox 279 2743 1825 2831; baseline 0.004 -21"><span class='ocrx_word' id='word_1_193' title='bbox 279 2743 539 2810; x_wconf 88' lang='lat' dir='ltr'><strong>Honorabilibus</strong></span> <span class='ocrx_word' id='word_1_194' title='bbox 555 2743 636 2810; x_wconf 90' lang='lat' dir='ltr'><strong>viris</strong></span> <span class='ocrx_word' id='word_1_195' title='bbox 652 2765 692 2816; x_wconf 88' lang='lat' dir='ltr'><strong>ac</strong></span> <span class='ocrx_word' id='word_1_196' title='bbox 705 2743 843 2811; x_wconf 89' lang='lat' dir='ltr'><strong>dominis</strong></span> <span class='ocrx_word' id='word_1_197' title='bbox 856 2743 985 2812; x_wconf 90' lang='lat' dir='ltr'><strong>domino</strong></span> <span class='ocrx_word' id='word_1_198' title='bbox 1004 2797 1009 2809; x_wconf 93' lang='lat'><strong>.</strong></span> <span class='ocrx_word' id='word_1_199' title='bbox 1026 2798 1031 2810; x_wconf 95' lang='lat'><strong>.</strong></span> <span class='ocrx_word' id='word_1_200' title='bbox 1051 2748 1185 2826; x_wconf 90' lang='lat' dir='ltr'><strong>decano,</strong></span> <span class='ocrx_word' id='word_1_201' title='bbox 1204 2797 1209 2810; x_wconf 94' lang='lat'><strong>.</strong></span> <span class='ocrx_word' id='word_1_202' title='bbox 1227 2799 1232 2812; x_wconf 91' lang='lat'><strong>.</strong></span> <span class='ocrx_word' id='word_1_203' title='bbox 1251 2745 1436 2828; x_wconf 88' lang='lat' dir='ltr'><strong>scolastico,</strong></span> <span class='ocrx_word' id='word_1_204' title='bbox 1455 2801 1460 2812; x_wconf 95' lang='lat'><strong>.</strong></span> <span class='ocrx_word' id='word_1_205' title='bbox 1478 2801 1483 2812; x_wconf 95' lang='lat'><strong>.</strong></span> <span class='ocrx_word' id='word_1_206' title='bbox 1502 2747 1631 2815; x_wconf 89' lang='lat' dir='ltr'><strong>cantori</strong></span> <span class='ocrx_word' id='word_1_207' title='bbox 1643 2748 1825 2831; x_wconf 87' lang='lat' dir='ltr'><strong>ceterisque</strong></span> 
     </span>
     <span class='ocr_line' id='line_1_21' title="bbox 171 2844 1827 2935; baseline 0.003 -19"><span class='ocrx_word' id='word_1_208' title='bbox 171 2844 340 2917; x_wconf 87' lang='lat' dir='ltr'><strong>canonicis</strong></span> <span class='ocrx_word' id='word_1_209' title='bbox 371 2850 507 2918; x_wconf 87' lang='lat' dir='ltr'><strong>ecclesie</strong></span> <span class='ocrx_word' id='word_1_210' title='bbox 538 2851 646 2922; x_wconf 83' lang='lat' dir='ltr'><strong>sancti</strong></span> <span class='ocrx_word' id='word_1_211' title='bbox 669 2850 805 2934; x_wconf 81' lang='lat' dir='ltr'><strong>Georgii</strong></span> <span class='ocrx_word' id='word_1_212' title='bbox 832 2850 865 2916; x_wconf 94' lang='lat' dir='ltr'><strong>in</strong></span> <span class='ocrx_word' id='word_1_213' title='bbox 889 2853 1123 2935; x_wconf 76' lang='lat' dir='ltr'><strong>Frankeofori,</strong></span> <span class='ocrx_word' id='word_1_214' title='bbox 1148 2853 1339 2935; x_wconf 82' lang='lat' dir='ltr'><strong>Magantine</strong></span> <span class='ocrx_word' id='word_1_215' title='bbox 1362 2853 1510 2920; x_wconf 84' lang='lat' dir='ltr'><strong>diocesis.</strong></span> <span class='ocrx_word' id='word_1_216' title='bbox 1557 2854 1748 2932; x_wconf 88' lang='lat' dir='ltr'><strong>Mauricius,</strong></span> <span class='ocrx_word' id='word_1_217' title='bbox 1774 2856 1827 2921; x_wconf 92' lang='lat' dir='ltr'><strong>dei</strong></span> 
     </span>
     <span class='ocr_line' id='line_1_22' title="bbox 111 2956 1824 3044; baseline 0.001 -18"><span class='ocrx_word' id='word_1_218' title='bbox 111 3019 116 3026; x_wconf 91' lang='lat'><strong>.</strong></span> <span class='ocrx_word' id='word_1_219' title='bbox 170 2957 281 3042; x_wconf 86' lang='lat' dir='ltr'><strong>gratia</strong></span> <span class='ocrx_word' id='word_1_220' title='bbox 314 2960 420 3024; x_wconf 91' lang='lat' dir='ltr'><strong>abbas</strong></span> <span class='ocrx_word' id='word_1_221' title='bbox 453 2957 590 3024; x_wconf 90' lang='lat' dir='ltr'><strong>ecclesie</strong></span> <span class='ocrx_word' id='word_1_222' title='bbox 623 2963 738 3030; x_wconf 86' lang='lat' dir='ltr'><strong>sancte</strong></span> <span class='ocrx_word' id='word_1_223' title='bbox 770 2956 875 3024; x_wconf 86' lang='lat' dir='ltr'><strong>llarie</strong></span> <span class='ocrx_word' id='word_1_224' title='bbox 908 2958 1079 3025; x_wconf 86' lang='lat' dir='ltr'><strong>Scotorum</strong></span> <span class='ocrx_word' id='word_1_225' title='bbox 1111 2959 1145 3025; x_wconf 93' lang='lat' dir='ltr'><strong>in</strong></span> <span class='ocrx_word' id='word_1_226' title='bbox 1169 2959 1311 3040; x_wconf 88' lang='lat' dir='ltr'><strong>Vienna,</strong></span> <span class='ocrx_word' id='word_1_227' title='bbox 1346 2959 1470 3025; x_wconf 89' lang='lat' dir='ltr'><strong>ordinis</strong></span> <span class='ocrx_word' id='word_1_228' title='bbox 1503 2961 1611 3026; x_wconf 85' lang='lat' dir='ltr'><strong>sancti</strong></span> <span class='ocrx_word' id='word_1_229' title='bbox 1642 2962 1824 3044; x_wconf 86' lang='lat' dir='ltr'><strong>Benedicti,</strong></span> 
     </span>
     <span class='ocr_line' id='line_1_23' title="bbox 170 3063 1826 3146; baseline 0.003 -16"><span class='ocrx_word' id='word_1_230' title='bbox 170 3064 385 3132; x_wconf 83' lang='lat' dir='ltr'><strong>Pataviensis</strong></span> <span class='ocrx_word' id='word_1_231' title='bbox 415 3063 565 3146; x_wconf 87' lang='lat' dir='ltr'><strong>diocesis,</strong></span> <span class='ocrx_word' id='word_1_232' title='bbox 590 3064 624 3134; x_wconf 92' lang='lat' dir='ltr'><strong>in</strong></span> <span class='ocrx_word' id='word_1_233' title='bbox 654 3063 801 3130; x_wconf 90' lang='lat' dir='ltr'><strong>karitate</strong></span> <span class='ocrx_word' id='word_1_234' title='bbox 832 3063 962 3131; x_wconf 88' lang='lat' dir='ltr'><strong>sincera</strong></span> <span class='ocrx_word' id='word_1_235' title='bbox 991 3064 1025 3130; x_wconf 90' lang='lat' dir='ltr'><strong>in</strong></span> <span class='ocrx_word' id='word_1_236' title='bbox 1055 3065 1184 3132; x_wconf 91' lang='lat' dir='ltr'><strong>domino</strong></span> <span class='ocrx_word' id='word_1_237' title='bbox 1216 3073 1249 3131; x_wconf 89' lang='lat' dir='ltr'><strong>et</strong></span> <span class='ocrx_word' id='word_1_238' title='bbox 1273 3068 1394 3132; x_wconf 87' lang='lat' dir='ltr'><strong>devota</strong></span> <span class='ocrx_word' id='word_1_239' title='bbox 1418 3067 1559 3133; x_wconf 90' lang='lat' dir='ltr'><strong>animum</strong></span> <span class='ocrx_word' id='word_1_240' title='bbox 1582 3067 1775 3136; x_wconf 92' lang='lat' dir='ltr'><strong>benivolum</strong></span> <span class='ocrx_word' id='word_1_241' title='bbox 1792 3069 1826 3135; x_wconf 90' lang='lat' dir='ltr'><strong>in</strong></span> 
     </span>
     <span class='ocr_line' id='line_1_24' title="bbox 171 3171 1828 3258; baseline 0.004 -22"><span class='ocrx_word' id='word_1_242' title='bbox 171 3172 320 3253; x_wconf 83' lang='lat' dir='ltr'><strong>quolibet</strong></span> <span class='ocrx_word' id='word_1_243' title='bbox 350 3190 487 3255; x_wconf 86' lang='lat' dir='ltr'><strong>genere.</strong></span> <span class='ocrx_word' id='word_1_244' title='bbox 502 3171 711 3256; x_wconf 84' lang='lat' dir='ltr'><strong>obsequendi.</strong></span> <span class='ocrx_word' id='word_1_245' title='bbox 759 3172 812 3237; x_wconf 91' lang='lat' dir='ltr'><strong>Ad</strong></span> <span class='ocrx_word' id='word_1_246' title='bbox 843 3171 965 3237; x_wconf 90' lang='lat' dir='ltr'><strong>cultum</strong></span> <span class='ocrx_word' id='word_1_247' title='bbox 978 3171 1135 3240; x_wconf 76' lang='lat' dir='ltr'><strong>&#39;divinum</strong></span> <span class='ocrx_word' id='word_1_248' title='bbox 1159 3175 1344 3256; x_wconf 89' lang='lat' dir='ltr'><strong>augendum</strong></span> <span class='ocrx_word' id='word_1_249' title='bbox 1368 3174 1513 3240; x_wconf 88' lang='lat' dir='ltr'><strong>auctoris</strong></span> <span class='ocrx_word' id='word_1_250' title='bbox 1537 3173 1606 3241; x_wconf 94' lang='lat' dir='ltr'><strong>vite</strong></span> <span class='ocrx_word' id='word_1_251' title='bbox 1630 3175 1768 3258; x_wconf 89' lang='lat' dir='ltr'><strong>gloriam</strong></span> <span class='ocrx_word' id='word_1_252' title='bbox 1793 3183 1828 3242; x_wconf 90' lang='lat' dir='ltr'><strong>et</strong></span> 
     </span>
     <span class='ocr_line' id='line_1_25' title="bbox 169 3277 1827 3360; baseline 0.003 -16"><span class='ocrx_word' id='word_1_253' title='bbox 169 3280 339 3360; x_wconf 90' lang='lat' dir='ltr'><strong>honorem,</strong></span> <span class='ocrx_word' id='word_1_254' title='bbox 365 3279 428 3360; x_wconf 85' lang='lat' dir='ltr'><strong>qui·</strong></span> <span class='ocrx_word' id='word_1_255' title='bbox 443 3280 616 3348; x_wconf 85' lang='lat' dir='ltr'><strong>universos</strong></span> <span class='ocrx_word' id='word_1_256' title='bbox 640 3285 674 3345; x_wconf 90' lang='lat' dir='ltr'><strong>et</strong></span> <span class='ocrx_word' id='word_1_257' title='bbox 698 3278 844 3360; x_wconf 88' lang='lat' dir='ltr'><strong>singulos</strong></span> <span class='ocrx_word' id='word_1_258' title='bbox 868 3277 938 3344; x_wconf 91' lang='lat' dir='ltr'><strong>eius</strong></span> <span class='ocrx_word' id='word_1_259' title='bbox 961 3277 1129 3346; x_wconf 88' lang='lat' dir='ltr'><strong>ministros</strong></span> <span class='ocrx_word' id='word_1_260' title='bbox 1153 3279 1229 3346; x_wconf 92' lang='lat' dir='ltr'><strong>altis</strong></span> <span class='ocrx_word' id='word_1_261' title='bbox 1254 3281 1389 3346; x_wconf 90' lang='lat' dir='ltr'><strong>decorat</strong></span> <span class='ocrx_word' id='word_1_262' title='bbox 1412 3281 1599 3360; x_wconf 90' lang='lat' dir='ltr'><strong>honoribus,</strong></span> <span class='ocrx_word' id='word_1_263' title='bbox 1625 3281 1827 3350; x_wconf 90' lang='lat' dir='ltr'><strong>honorabilis</strong></span> 
     </span>
     <span class='ocr_line' id='line_1_26' title="bbox 170 3383 1826 3472; baseline 0.002 -19"><span class='ocrx_word' id='word_1_264' title='bbox 170 3387 222 3453; x_wconf 87' lang='lat' dir='ltr'><strong>vir</strong></span> <span class='ocrx_word' id='word_1_265' title='bbox 254 3385 416 3470; x_wconf 86' lang='lat' dir='ltr'><strong>magister</strong></span> <span class='ocrx_word' id='word_1_266' title='bbox 439 3385 616 3456; x_wconf 88' lang='lat' dir='ltr'><strong>Heinricus</strong></span> <span class='ocrx_word' id='word_1_267' title='bbox 647 3384 791 3466; x_wconf 87' lang='lat' dir='ltr'><strong>phisicus</strong></span> <span class='ocrx_word' id='word_1_268' title='bbox 821 3391 935 3450; x_wconf 88' lang='lat' dir='ltr'><strong>noster</strong></span> <span class='ocrx_word' id='word_1_269' title='bbox 966 3383 1115 3465; x_wconf 73' lang='lat' dir='ltr'><strong>dilectus</strong></span> <span class='ocrx_word' id='word_1_270' title='bbox 1141 3389 1181 3452; x_wconf 91' lang='lat' dir='ltr'><strong>de</strong></span> <span class='ocrx_word' id='word_1_271' title='bbox 1204 3387 1300 3454; x_wconf 88' lang='lat' dir='ltr'><strong>Nova</strong></span> <span class='ocrx_word' id='word_1_272' title='bbox 1330 3385 1466 3454; x_wconf 90' lang='lat' dir='ltr'><strong>civitate</strong></span> <span class='ocrx_word' id='word_1_273' title='bbox 1496 3388 1615 3470; x_wconf 89' lang='lat' dir='ltr'><strong>dictus,</strong></span> <span class='ocrx_word' id='word_1_274' title='bbox 1640 3389 1826 3472; x_wconf 89' lang='lat' dir='ltr'><strong>sollempnis</strong></span> 
     </span>
     <span class='ocr_line' id='line_1_27' title="bbox 170 3490 1826 3579; baseline 0.002 -21"><span class='ocrx_word' id='word_1_275' title='bbox 170 3494 356 3560; x_wconf 80' lang='lat' dir='ltr'><strong>Wiencusis</strong></span> <span class='ocrx_word' id='word_1_276' title='bbox 394 3492 578 3574; x_wconf 89' lang='lat' dir='ltr'><strong>practicus,</strong></span> <span class='ocrx_word' id='word_1_277' title='bbox 610 3490 837 3579; x_wconf 87' lang='lat' dir='ltr'><strong>sanctissimas</strong></span> <span class='ocrx_word' id='word_1_278' title='bbox 865 3511 964 3558; x_wconf 87' lang='lat' dir='ltr'><strong>veras</strong></span> <span class='ocrx_word' id='word_1_279' title='bbox 994 3492 1085 3559; x_wconf 89' lang='lat' dir='ltr'><strong>beati</strong></span> <span class='ocrx_word' id='word_1_280' title='bbox 1114 3491 1295 3572; x_wconf 86' lang='lat' dir='ltr'><strong>Leonardi,</strong></span> <span class='ocrx_word' id='word_1_281' title='bbox 1329 3492 1527 3560; x_wconf 83' lang='lat' dir='ltr'><strong>contessoris</strong></span> <span class='ocrx_word' id='word_1_282' title='bbox 1565 3494 1691 3576; x_wconf 84' lang='lat' dir='ltr'><strong>eximii,</strong></span> <span class='ocrx_word' id='word_1_283' title='bbox 1722 3496 1826 3562; x_wconf 91' lang='lat' dir='ltr'><strong>leonis</strong></span> 
     </span>
     <span class='ocr_line' id='line_1_28' title="bbox 170 3597 1827 3684; baseline 0.001 -18"><span class='ocrx_word' id='word_1_284' title='bbox 170 3599 445 3682; x_wconf 89' lang='lat' dir='ltr'><strong>victoriosissimi,</strong></span> <span class='ocrx_word' id='word_1_285' title='bbox 471 3599 646 3684; x_wconf 76' lang='lat' dir='ltr'><strong>reliquias,t</strong></span> <span class='ocrx_word' id='word_1_286' title='bbox 663 3597 755 3665; x_wconf 90' lang='lat' dir='ltr'><strong>cuius</strong></span> <span class='ocrx_word' id='word_1_287' title='bbox 778 3598 858 3680; x_wconf 92' lang='lat' dir='ltr'><strong>vita,</strong></span> <span class='ocrx_word' id='word_1_288' title='bbox 883 3597 1064 3664; x_wconf 88' lang='lat' dir='ltr'><strong>virtutibus</strong></span> <span class='ocrx_word' id='word_1_289' title='bbox 1087 3605 1122 3664; x_wconf 91' lang='lat' dir='ltr'><strong>et</strong></span> <span class='ocrx_word' id='word_1_290' title='bbox 1144 3599 1288 3666; x_wconf 90' lang='lat' dir='ltr'><strong>moribus</strong></span> <span class='ocrx_word' id='word_1_291' title='bbox 1312 3599 1488 3682; x_wconf 82' lang='lat' dir='ltr'><strong>prelucida,</strong></span> <span class='ocrx_word' id='word_1_292' title='bbox 1515 3609 1548 3666; x_wconf 89' lang='lat' dir='ltr'><strong>et</strong></span> <span class='ocrx_word' id='word_1_293' title='bbox 1572 3601 1734 3668; x_wconf 89' lang='lat' dir='ltr'><strong>salutaria</strong></span> <span class='ocrx_word' id='word_1_294' title='bbox 1758 3602 1827 3668; x_wconf 89' lang='lat' dir='ltr'><strong>eius</strong></span> 
     </span>
     <span class='ocr_line' id='line_1_29' title="bbox 171 3704 1827 3790; baseline 0.001 -18"><span class='ocrx_word' id='word_1_295' title='bbox 171 3711 381 3787; x_wconf 86' lang='lat' dir='ltr'><strong>documenta,</strong></span> <span class='ocrx_word' id='word_1_296' title='bbox 407 3712 573 3790; x_wconf 88' lang='lat' dir='ltr'><strong>tamquam</strong></span> <span class='ocrx_word' id='word_1_297' title='bbox 588 3707 724 3772; x_wconf 88' lang='lat' dir='ltr'><strong>lucerna</strong></span> <span class='ocrx_word' id='word_1_298' title='bbox 740 3725 839 3788; x_wconf 91' lang='lat' dir='ltr'><strong>super</strong></span> <span class='ocrx_word' id='word_1_299' title='bbox 856 3704 1088 3772; x_wconf 90' lang='lat' dir='ltr'><strong>candelabrum</strong></span> <span class='ocrx_word' id='word_1_300' title='bbox 1102 3706 1137 3773; x_wconf 93' lang='lat' dir='ltr'><strong>in</strong></span> <span class='ocrx_word' id='word_1_301' title='bbox 1155 3709 1248 3773; x_wconf 90' lang='lat' dir='ltr'><strong>domo</strong></span> <span class='ocrx_word' id='word_1_302' title='bbox 1265 3705 1387 3774; x_wconf 92' lang='lat' dir='ltr'><strong>domini</strong></span> <span class='ocrx_word' id='word_1_303' title='bbox 1403 3706 1520 3790; x_wconf 90' lang='lat' dir='ltr'><strong>posita,</strong></span> <span class='ocrx_word' id='word_1_304' title='bbox 1547 3707 1687 3774; x_wconf 89' lang='lat' dir='ltr'><strong>omnium</strong></span> <span class='ocrx_word' id='word_1_305' title='bbox 1704 3709 1827 3775; x_wconf 85' lang='lat' dir='ltr'><strong>Christi</strong></span> 
     </span>
     <span class='ocr_line' id='line_1_30' title="bbox 170 3811 1826 3895; baseline 0 -15"><span class='ocrx_word' id='word_1_306' title='bbox 170 3815 317 3881; x_wconf 89' lang='lat' dir='ltr'><strong>fidelium</strong></span> <span class='ocrx_word' id='word_1_307' title='bbox 347 3815 466 3880; x_wconf 90' lang='lat' dir='ltr'><strong>almam</strong></span> <span class='ocrx_word' id='word_1_308' title='bbox 495 3820 634 3884; x_wconf 86' lang='lat' dir='ltr'><strong>matrem</strong></span> <span class='ocrx_word' id='word_1_309' title='bbox 664 3813 836 3880; x_wconf 92' lang='lat' dir='ltr'><strong>ecclesiam</strong></span> <span class='ocrx_word' id='word_1_310' title='bbox 865 3811 900 3878; x_wconf 90' lang='lat' dir='ltr'><strong>in</strong></span> <span class='ocrx_word' id='word_1_311' title='bbox 927 3812 1047 3879; x_wconf 88' lang='lat' dir='ltr'><strong>ceteris</strong></span> <span class='ocrx_word' id='word_1_312' title='bbox 1071 3811 1287 3879; x_wconf 78' lang='lat' dir='ltr'><strong>excellentius</strong></span> <span class='ocrx_word' id='word_1_313' title='bbox 1312 3816 1520 3895; x_wconf 79' lang='lat' dir='ltr'><strong>decorarunt,</strong></span> <span class='ocrx_word' id='word_1_314' title='bbox 1546 3817 1587 3882; x_wconf 90' lang='lat' dir='ltr'><strong>ad</strong></span> <span class='ocrx_word' id='word_1_315' title='bbox 1612 3815 1768 3882; x_wconf 90' lang='lat' dir='ltr'><strong>honorem</strong></span> <span class='ocrx_word' id='word_1_316' title='bbox 1793 3823 1826 3882; x_wconf 89' lang='lat' dir='ltr'><strong>et</strong></span> 
     </span>
     <span class='ocr_line' id='line_1_31' title="bbox 171 3918 1828 4004; baseline 0.001 -17"><span class='ocrx_word' id='word_1_317' title='bbox 171 3921 281 3988; x_wconf 87' lang='lat' dir='ltr'><strong>nostri</strong></span> <span class='ocrx_word' id='word_1_318' title='bbox 315 3921 511 3989; x_wconf 88' lang='lat' dir='ltr'><strong>monasterii</strong></span> <span class='ocrx_word' id='word_1_319' title='bbox 543 3920 726 3986; x_wconf 88' lang='lat' dir='ltr'><strong>evidentem</strong></span> <span class='ocrx_word' id='word_1_320' title='bbox 764 3919 942 3986; x_wconf 89' lang='lat' dir='ltr'><strong>utilitatem</strong></span> <span class='ocrx_word' id='word_1_321' title='bbox 979 3920 1019 3985; x_wconf 92' lang='lat' dir='ltr'><strong>ob</strong></span> <span class='ocrx_word' id='word_1_322' title='bbox 1052 3918 1158 3985; x_wconf 82' lang='lat' dir='ltr'><strong>anhue</strong></span> <span class='ocrx_word' id='word_1_323' title='bbox 1188 3939 1246 3986; x_wconf 89' lang='lat' dir='ltr'><strong>sue</strong></span> <span class='ocrx_word' id='word_1_324' title='bbox 1278 3920 1419 3986; x_wconf 89' lang='lat' dir='ltr'><strong>salutem</strong></span> <span class='ocrx_word' id='word_1_325' title='bbox 1449 3926 1483 3986; x_wconf 91' lang='lat' dir='ltr'><strong>et</strong></span> <span class='ocrx_word' id='word_1_326' title='bbox 1513 3919 1624 4004; x_wconf 92' lang='lat' dir='ltr'><strong>populi</strong></span> <span class='ocrx_word' id='word_1_327' title='bbox 1656 3921 1828 3988; x_wconf 85' lang='lat' dir='ltr'><strong>christiani</strong></span> 
     </span>
     <span class='ocr_line' id='line_1_32' title="bbox 171 4024 1827 4112; baseline 0.001 -19"><span class='ocrx_word' id='word_1_328' title='bbox 171 4027 386 4094; x_wconf 79' lang='lat' dir='ltr'><strong>devotionern</strong></span> <span class='ocrx_word' id='word_1_329' title='bbox 419 4047 478 4096; x_wconf 90' lang='lat' dir='ltr'><strong>nos</strong></span> <span class='ocrx_word' id='word_1_330' title='bbox 510 4028 632 4096; x_wconf 91' lang='lat' dir='ltr'><strong>babere</strong></span> <span class='ocrx_word' id='word_1_331' title='bbox 666 4029 706 4093; x_wconf 88' lang='lat' dir='ltr'><strong>de</strong></span> <span class='ocrx_word' id='word_1_332' title='bbox 739 4025 926 4110; x_wconf 86' lang='lat' dir='ltr'><strong>longinquis</strong></span> <span class='ocrx_word' id='word_1_333' title='bbox 960 4024 1110 4107; x_wconf 88' lang='lat' dir='ltr'><strong>partibus</strong></span> <span class='ocrx_word' id='word_1_334' title='bbox 1144 4045 1240 4107; x_wconf 88' lang='lat' dir='ltr'><strong>quam</strong></span> <span class='ocrx_word' id='word_1_335' title='bbox 1271 4025 1420 4108; x_wconf 88' lang='lat' dir='ltr'><strong>plurimis</strong></span> <span class='ocrx_word' id='word_1_336' title='bbox 1450 4027 1603 4109; x_wconf 88' lang='lat' dir='ltr'><strong>expensis</strong></span> <span class='ocrx_word' id='word_1_337' title='bbox 1634 4034 1668 4094; x_wconf 92' lang='lat' dir='ltr'><strong>et</strong></span> <span class='ocrx_word' id='word_1_338' title='bbox 1696 4027 1827 4112; x_wconf 89' lang='lat' dir='ltr'><strong>magnis</strong></span> 
     </span>
     <span class='ocr_line' id='line_1_33' title="bbox 171 4131 1827 4219; baseline 0.001 -21"><span class='ocrx_word' id='word_1_339' title='bbox 171 4134 344 4204; x_wconf 87' lang='lat' dir='ltr'><strong>laboribus</strong></span> <span class='ocrx_word' id='word_1_340' title='bbox 368 4134 569 4216; x_wconf 88' lang='lat' dir='ltr'><strong>procuravit.</strong></span> <span class='ocrx_word' id='word_1_341' title='bbox 617 4133 781 4219; x_wconf 82' lang='lat' dir='ltr'><strong>Quocirca</strong></span> <span class='ocrx_word' id='word_1_342' title='bbox 805 4136 846 4198; x_wconf 90' lang='lat' dir='ltr'><strong>ad</strong></span> <span class='ocrx_word' id='word_1_343' title='bbox 871 4132 1088 4216; x_wconf 85' lang='lat' dir='ltr'><strong>exaltandam·</strong></span> <span class='ocrx_word' id='word_1_344' title='bbox 1101 4131 1153 4199; x_wconf 91' lang='lat' dir='ltr'><strong>dei</strong></span> <span class='ocrx_word' id='word_1_345' title='bbox 1169 4131 1455 4199; x_wconf 90' lang='lat' dir='ltr'><strong>honorificenciam</strong></span> <span class='ocrx_word' id='word_1_346' title='bbox 1471 4131 1695 4216; x_wconf 67' lang='lat' dir='ltr'><strong>laudemquel&#39;</strong></span> <span class='ocrx_word' id='word_1_347' title='bbox 1709 4137 1827 4200; x_wconf 88' lang='lat' dir='ltr'><strong>decan-</strong></span> 
     </span>
     <span class='ocr_line' id='line_1_34' title="bbox 172 4238 1827 4324; baseline -0.001 -16"><span class='ocrx_word' id='word_1_348' title='bbox 172 4244 323 4320; x_wconf 83' lang='lat' dir='ltr'><strong>tandam,</strong></span> <span class='ocrx_word' id='word_1_349' title='bbox 359 4249 393 4307; x_wconf 92' lang='lat' dir='ltr'><strong>et</strong></span> <span class='ocrx_word' id='word_1_350' title='bbox 428 4240 509 4308; x_wconf 91' lang='lat' dir='ltr'><strong>dicti</strong></span> <span class='ocrx_word' id='word_1_351' title='bbox 545 4240 654 4307; x_wconf 88' lang='lat' dir='ltr'><strong>sancti</strong></span> <span class='ocrx_word' id='word_1_352' title='bbox 687 4239 855 4306; x_wconf 86' lang='lat' dir='ltr'><strong>Leonardi</strong></span> <span class='ocrx_word' id='word_1_353' title='bbox 890 4238 1089 4306; x_wconf 80' lang='lat' dir='ltr'><strong>contessoris</strong></span> <span class='ocrx_word' id='word_1_354' title='bbox 1124 4239 1350 4324; x_wconf 87' lang='lat' dir='ltr'><strong>gloriosissimi</strong></span> <span class='ocrx_word' id='word_1_355' title='bbox 1384 4239 1572 4322; x_wconf 75' lang='lat' dir='ltr'><strong>precarium</strong></span> <span class='ocrx_word' id='word_1_356' title='bbox 1607 4239 1827 4324; x_wconf 83' lang='lat' dir='ltr'><strong>ampliandum</strong></span> 
     </span>
     <span class='ocr_line' id='line_1_35' title="bbox 171 4345 1828 4431; baseline -0.002 -16"><span class='ocrx_word' id='word_1_357' title='bbox 171 4349 365 4428; x_wconf 84' lang='lat' dir='ltr'><strong>salutarem,</strong></span> <span class='ocrx_word' id='word_1_358' title='bbox 395 4347 518 4418; x_wconf 87' lang='lat' dir='ltr'><strong>Christi</strong></span> <span class='ocrx_word' id='word_1_359' title='bbox 548 4347 688 4414; x_wconf 89' lang='lat' dir='ltr'><strong>fidelium</strong></span> <span class='ocrx_word' id='word_1_360' title='bbox 719 4346 929 4414; x_wconf 90' lang='lat' dir='ltr'><strong>devocionem</strong></span> <span class='ocrx_word' id='word_1_361' title='bbox 961 4345 1194 4428; x_wconf 84' lang='lat' dir='ltr'><strong>suscitandam,</strong></span> <span class='ocrx_word' id='word_1_362' title='bbox 1225 4346 1319 4412; x_wconf 81' lang='lat' dir='ltr'><strong>iuxta</strong></span> <span class='ocrx_word' id='word_1_363' title='bbox 1348 4346 1473 4428; x_wconf 84' lang='lat' dir='ltr'><strong>prelati</strong></span> <span class='ocrx_word' id='word_1_364' title='bbox 1502 4347 1655 4431; x_wconf 90' lang='lat' dir='ltr'><strong>magistri</strong></span> <span class='ocrx_word' id='word_1_365' title='bbox 1678 4347 1828 4414; x_wconf 90' lang='lat' dir='ltr'><strong>Hainrici</strong></span> 
     </span>
     <span class='ocr_line' id='line_1_36' title="bbox 171 4451 1828 4538; baseline -0.001 -17"><span class='ocrx_word' id='word_1_366' title='bbox 171 4475 309 4536; x_wconf 86' lang='lat' dir='ltr'><strong>precum</strong></span> <span class='ocrx_word' id='word_1_367' title='bbox 333 4455 545 4524; x_wconf 76' lang='lat' dir='ltr'><strong>affectuosam</strong></span> <span class='ocrx_word' id='word_1_368' title='bbox 568 4453 766 4521; x_wconf 89' lang='lat' dir='ltr'><strong>instanciam</strong></span> <span class='ocrx_word' id='word_1_369' title='bbox 782 4454 913 4523; x_wconf 84' lang='lat' dir='ltr'><strong>easdem</strong></span> <span class='ocrx_word' id='word_1_370' title='bbox 930 4451 1085 4534; x_wconf 85' lang='lat' dir='ltr'><strong>reliquias</strong></span> <span class='ocrx_word' id='word_1_371' title='bbox 1095 4451 1373 4534; x_wconf 87' lang='lat' dir='ltr'><strong>-preclarissimas,</strong></span> <span class='ocrx_word' id='word_1_372' title='bbox 1398 4453 1498 4520; x_wconf 88' lang='lat' dir='ltr'><strong>certis</strong></span> <span class='ocrx_word' id='word_1_373' title='bbox 1515 4453 1619 4538; x_wconf 90' lang='lat' dir='ltr'><strong>signis</strong></span> <span class='ocrx_word' id='word_1_374' title='bbox 1636 4461 1670 4520; x_wconf 92' lang='lat' dir='ltr'><strong>et</strong></span> <span class='ocrx_word' id='word_1_375' title='bbox 1686 4453 1828 4520; x_wconf 86' lang='lat' dir='ltr'><strong>auctori-</strong></span> 
     </span>
     <span class='ocr_line' id='line_1_37' title="bbox 172 4549 1825 4648; baseline -0.001 -20"><span class='ocrx_word' id='word_1_376' title='bbox 172 4562 303 4628; x_wconf 87' lang='lat' dir='ltr'><strong>tatibus</strong></span> <span class='ocrx_word' id='word_1_377' title='bbox 328 4549 583 4640; x_wconf 80' lang='lat' dir='ltr'><strong>evidentissimis</strong></span> <span class='ocrx_word' id='word_1_378' title='bbox 613 4563 827 4643; x_wconf 76' lang='lat' dir='ltr'><strong>approbatae,</strong></span> <span class='ocrx_word' id='word_1_379' title='bbox 854 4559 947 4648; x_wconf 84' lang='lat' dir='ltr'><strong>vobis</strong></span> <span class='ocrx_word' id='word_1_380' title='bbox 978 4559 1012 4626; x_wconf 90' lang='lat' dir='ltr'><strong>in</strong></span> <span class='ocrx_word' id='word_1_381' title='bbox 1035 4559 1258 4628; x_wconf 89' lang='lat' dir='ltr'><strong>reverenciam</strong></span> <span class='ocrx_word' id='word_1_382' title='bbox 1282 4559 1457 4645; x_wconf 90' lang='lat' dir='ltr'><strong>benignius</strong></span> <span class='ocrx_word' id='word_1_383' title='bbox 1481 4560 1631 4628; x_wconf 74' lang='lat' dir='ltr'><strong>dommus</strong></span> <span class='ocrx_word' id='word_1_384' title='bbox 1654 4559 1825 4644; x_wconf 89' lang='lat' dir='ltr'><strong>impertiri.</strong></span> 
     </span>
     <span class='ocr_line' id='line_1_38' title="bbox 172 4666 1827 4751; baseline -0.002 -14"><span class='ocrx_word' id='word_1_385' title='bbox 172 4671 271 4737; x_wconf 90' lang='lat' dir='ltr'><strong>Unde</strong></span> <span class='ocrx_word' id='word_1_386' title='bbox 293 4668 376 4751; x_wconf 87' lang='lat' dir='ltr'><strong>ipsis</strong></span> <span class='ocrx_word' id='word_1_387' title='bbox 399 4669 494 4738; x_wconf 89' lang='lat' dir='ltr'><strong>fidem</strong></span> <span class='ocrx_word' id='word_1_388' title='bbox 519 4667 685 4734; x_wconf 89' lang='lat' dir='ltr'><strong>credulam</strong></span> <span class='ocrx_word' id='word_1_389' title='bbox 709 4666 912 4748; x_wconf 86' lang='lat' dir='ltr'><strong>adhibentes,</strong></span> <span class='ocrx_word' id='word_1_390' title='bbox 939 4669 1014 4732; x_wconf 91' lang='lat' dir='ltr'><strong>dum</strong></span> <span class='ocrx_word' id='word_1_391' title='bbox 1038 4669 1079 4732; x_wconf 89' lang='lat' dir='ltr'><strong>ad</strong></span> <span class='ocrx_word' id='word_1_392' title='bbox 1103 4687 1162 4734; x_wconf 95' lang='lat' dir='ltr'><strong>vos</strong></span> <span class='ocrx_word' id='word_1_393' title='bbox 1186 4667 1407 4750; x_wconf 89' lang='lat' dir='ltr'><strong>pervenerint,</strong></span> <span class='ocrx_word' id='word_1_394' title='bbox 1431 4668 1522 4750; x_wconf 90' lang='lat' dir='ltr'><strong>ipsas</strong></span> <span class='ocrx_word' id='word_1_395' title='bbox 1546 4668 1701 4750; x_wconf 85' lang='lat' dir='ltr'><strong>reliquias</strong></span> <span class='ocrx_word' id='word_1_396' title='bbox 1718 4667 1827 4736; x_wconf 89' lang='lat' dir='ltr'><strong>volitis</strong></span> 
     </span>
     <span class='ocr_line' id='line_1_39' title="bbox 172 4771 1828 4858; baseline -0.001 -17"><span class='ocrx_word' id='word_1_397' title='bbox 172 4795 248 4841; x_wconf 88' lang='lat' dir='ltr'><strong>eum</strong></span> <span class='ocrx_word' id='word_1_398' title='bbox 279 4773 524 4857; x_wconf 89' lang='lat' dir='ltr'><strong>sollempnitate</strong></span> <span class='ocrx_word' id='word_1_399' title='bbox 546 4771 701 4840; x_wconf 88' lang='lat' dir='ltr'><strong>inducere</strong></span> <span class='ocrx_word' id='word_1_400' title='bbox 726 4781 760 4842; x_wconf 90' lang='lat' dir='ltr'><strong>et</strong></span> <span class='ocrx_word' id='word_1_401' title='bbox 784 4773 950 4855; x_wconf 84' lang='lat' dir='ltr'><strong>suscipere</strong></span> <span class='ocrx_word' id='word_1_402' title='bbox 974 4779 1072 4856; x_wconf 90' lang='lat' dir='ltr'><strong>prout</strong></span> <span class='ocrx_word' id='word_1_403' title='bbox 1096 4773 1229 4856; x_wconf 84' lang='lat' dir='ltr'><strong>expedit</strong></span> <span class='ocrx_word' id='word_1_404' title='bbox 1244 4781 1445 4842; x_wconf 89' lang='lat' dir='ltr'><strong>reverenter.</strong></span> <span class='ocrx_word' id='word_1_405' title='bbox 1478 4777 1517 4840; x_wconf 90' lang='lat' dir='ltr'><strong>ln</strong></span> <span class='ocrx_word' id='word_1_406' title='bbox 1534 4794 1671 4858; x_wconf 90' lang='lat' dir='ltr'><strong>quorum</strong></span> <span class='ocrx_word' id='word_1_407' title='bbox 1687 4774 1828 4841; x_wconf 91' lang='lat' dir='ltr'><strong>omnium</strong></span> 
     </span>
     <span class='ocr_line' id='line_1_40' title="bbox 173 4869 1826 4965; baseline -0.002 -16"><span class='ocrx_word' id='word_1_408' title='bbox 173 4889 210 4949; x_wconf 90' lang='lat' dir='ltr'><strong>et</strong></span> <span class='ocrx_word' id='word_1_409' title='bbox 233 4883 418 4965; x_wconf 87' lang='lat' dir='ltr'><strong>approbate</strong></span> <span class='ocrx_word' id='word_1_410' title='bbox 442 4879 595 4949; x_wconf 88' lang='lat' dir='ltr'><strong>veritatis</strong></span> <span class='ocrx_word' id='word_1_411' title='bbox 619 4880 844 4948; x_wconf 89' lang='lat' dir='ltr'><strong>testimonium</strong></span> <span class='ocrx_word' id='word_1_412' title='bbox 868 4887 1015 4947; x_wconf 89' lang='lat' dir='ltr'><strong>nostrum</strong></span> <span class='ocrx_word' id='word_1_413' title='bbox 1035 4869 1178 4964; x_wconf 90' lang='lat' dir='ltr'><strong>sigillum</strong></span> <span class='ocrx_word' id='word_1_414' title='bbox 1195 4881 1404 4963; x_wconf 89' lang='lat' dir='ltr'><strong>presentibus</strong></span> <span class='ocrx_word' id='word_1_415' title='bbox 1421 4881 1571 4948; x_wconf 84' lang='lat' dir='ltr'><strong>duximus</strong></span> <span class='ocrx_word' id='word_1_416' title='bbox 1588 4884 1826 4964; x_wconf 90' lang='lat' dir='ltr'><strong>apponendum.</strong></span> 
     </span>
     <span class='ocr_line' id='line_1_41' title="bbox 173 4985 1828 5072; baseline -0.004 -16"><span class='ocrx_word' id='word_1_417' title='bbox 173 4990 300 5056; x_wconf 88' lang='lat' dir='ltr'><strong>Datum</strong></span> <span class='ocrx_word' id='word_1_418' title='bbox 316 4989 460 5072; x_wconf 82' lang='lat' dir='ltr'><strong>Wienne,</strong></span> <span class='ocrx_word' id='word_1_419' title='bbox 491 5008 576 5055; x_wconf 87' lang='lat' dir='ltr'><strong>auno</strong></span> <span class='ocrx_word' id='word_1_420' title='bbox 606 4987 729 5054; x_wconf 91' lang='lat' dir='ltr'><strong>domini</strong></span> <span class='ocrx_word' id='word_1_421' title='bbox 760 4989 799 5059; x_wconf 81' lang='lat' dir='ltr'><strong>rii.</strong></span> <span class='ocrx_word' id='word_1_422' title='bbox 830 4985 894 5054; x_wconf 78' lang='lat' dir='ltr'><strong>oct.</strong></span> <span class='ocrx_word' id='word_1_423' title='bbox 924 4987 1066 5070; x_wconf 81' lang='lat' dir='ltr'><strong>XXIII,</strong></span> <span class='ocrx_word' id='word_1_424' title='bbox 1098 4987 1133 5053; x_wconf 92' lang='lat' dir='ltr'><strong>in</strong></span> <span class='ocrx_word' id='word_1_425' title='bbox 1164 4987 1309 5054; x_wconf 88' lang='lat' dir='ltr'><strong>crastino</strong></span> <span class='ocrx_word' id='word_1_426' title='bbox 1339 4990 1438 5055; x_wconf 90' lang='lat' dir='ltr'><strong>beate</strong></span> <span class='ocrx_word' id='word_1_427' title='bbox 1468 4988 1658 5072; x_wconf 86' lang='lat' dir='ltr'><strong>Margarete</strong></span> <span class='ocrx_word' id='word_1_428' title='bbox 1688 4985 1828 5070; x_wconf 90' lang='lat' dir='ltr'><strong>virginis</strong></span> 
     </span>
     <span class='ocr_line' id='line_1_42' title="bbox 172 5095 388 5164; baseline -0.014 0"><span class='ocrx_word' id='word_1_429' title='bbox 172 5103 208 5164; x_wconf 92' lang='lat' dir='ltr'><strong>et</strong></span> <span class='ocrx_word' id='word_1_430' title='bbox 231 5095 388 5163; x_wconf 87' lang='lat' dir='ltr'><strong>martiris.</strong></span> 
     </span>
    </p>

    <p class='ocr_par' dir='ltr' id='par_1_7' title="bbox 390 5233 1702 5397">
     <span class='ocr_line' id='line_1_43' title="bbox 390 5233 1702 5307; baseline -0.004 -13"><span class='ocrx_word' id='word_1_431' title='bbox 390 5238 533 5304; x_wconf 78' lang='lat' dir='ltr'><strong>Abschrift</strong></span> <span class='ocrx_word' id='word_1_432' title='bbox 551 5241 606 5304; x_wconf 82' lang='lat'><strong>(15.</strong></span> <span class='ocrx_word' id='word_1_433' title='bbox 619 5239 731 5306; x_wconf 79' lang='lat' dir='ltr'><strong>Jahrb.)</strong></span> <span class='ocrx_word' id='word_1_434' title='bbox 750 5238 781 5294; x_wconf 80' lang='lat' dir='ltr'><strong>ia</strong></span> <span class='ocrx_word' id='word_1_435' title='bbox 799 5237 1111 5307; x_wconf 70' lang='lat' dir='ltr'><strong>Boetia-Stift-Biicher,</strong></span> <span class='ocrx_word' id='word_1_436' title='bbox 1130 5238 1206 5294; x_wconf 75' lang='lat' dir='ltr'><strong>Serio</strong></span> <span class='ocrx_word' id='word_1_437' title='bbox 1225 5237 1244 5290; x_wconf 92' lang='lat' dir='ltr'><em>I</em></span> <span class='ocrx_word' id='word_1_438' title='bbox 1260 5239 1313 5293; x_wconf 87' lang='lat' dir='ltr'><strong>No.</strong></span> <span class='ocrx_word' id='word_1_439' title='bbox 1326 5233 1380 5294; x_wconf 73' lang='lat'><strong>22¹³</strong></span> <span class='ocrx_word' id='word_1_440' title='bbox 1400 5237 1419 5302; x_wconf 85' lang='lat' dir='ltr'><strong>s.</strong></span> <span class='ocrx_word' id='word_1_441' title='bbox 1435 5233 1512 5291; x_wconf 71' lang='lat'><strong>193⁶.</strong></span> <span class='ocrx_word' id='word_1_442' title='bbox 1549 5236 1588 5290; x_wconf 84' lang='lat' dir='ltr'><strong>St.</strong></span> <span class='ocrx_word' id='word_1_443' title='bbox 1601 5237 1636 5291; x_wconf 76' lang='lat' dir='ltr'><strong>A.</strong></span> <span class='ocrx_word' id='word_1_444' title='bbox 1652 5236 1702 5290; x_wconf 82' lang='lat' dir='ltr'><strong>Fr.</strong></span> 
     </span>
     <span class='ocr_line' id='line_1_44' title="bbox 392 5327 1188 5397; baseline -0.003 -15"><span class='ocrx_word' id='word_1_445' title='bbox 392 5330 491 5384; x_wconf 70' lang='lat' dir='ltr'><strong>Getta:</strong></span> <span class='ocrx_word' id='word_1_446' title='bbox 510 5328 688 5396; x_wconf 80' lang='lat' dir='ltr'><strong>Wtirtiitociu,</strong></span> <span class='ocrx_word' id='word_1_447' title='bbox 708 5328 800 5383; x_wconf 82' lang='lat' dir='ltr'><strong>Dioec.</strong></span> <span class='ocrx_word' id='word_1_448' title='bbox 814 5329 897 5397; x_wconf 70' lang='lat' dir='ltr'><strong>Moy,</strong></span> <span class='ocrx_word' id='word_1_449' title='bbox 917 5327 960 5394; x_wconf 88' lang='lat' dir='ltr'><strong>II,</strong></span> <span class='ocrx_word' id='word_1_450' title='bbox 981 5329 1050 5395; x_wconf 74' lang='lat'><strong>6975</strong></span> <span class='ocrx_word' id='word_1_451' title='bbox 1066 5329 1110 5396; x_wconf 77' lang='lat' dir='ltr'><strong>B,</strong></span> <span class='ocrx_word' id='word_1_452' title='bbox 1128 5331 1188 5381; x_wconf 81' lang='grc'><em>468.</em></span> 
     </span>
    </p>
   </div>
   <div class='ocr_carea' id='block_1_7' title="bbox 444 5483 1207 5559">
    <p class='ocr_par' dir='ltr' id='par_1_8' title="bbox 444 5483 1207 5559">
     <span class='ocr_line' id='line_1_45' title="bbox 444 5483 1207 5559; baseline -0.004 -11"><span class='ocrx_word' id='word_1_453' title='bbox 444 5509 469 5548; x_wconf 78' lang='lat' dir='ltr'><strong>at</strong></span> <span class='ocrx_word' id='word_1_454' title='bbox 483 5483 602 5558; x_wconf 63' lang='lat' dir='ltr'><strong>vorione?</strong></span> <span class='ocrx_word' id='word_1_455' title='bbox 615 5503 718 5559; x_wconf 70' lang='lat' dir='ltr'><strong>,stcudt</strong></span> <span class='ocrx_word' id='word_1_456' title='bbox 746 5505 771 5558; x_wconf 89' lang='lat' dir='ltr'><strong>b)</strong></span> <span class='ocrx_word' id='word_1_457' title='bbox 787 5501 902 5558; x_wconf 76' lang='lat' dir='ltr'><strong>Voclape:</strong></span> <span class='ocrx_word' id='word_1_458' title='bbox 917 5503 1095 5555; x_wconf 60' lang='lat' dir='ltr'><strong>,laudumnuot</strong></span> <span class='ocrx_word' id='word_1_459' title='bbox 1123 5505 1144 5553; x_wconf 88' lang='lat' dir='ltr'><strong>c)</strong></span> <span class='ocrx_word' id='word_1_460' title='bbox 1160 5503 1207 5546; x_wconf 82' lang='lat' dir='ltr'><strong>So!</strong></span> 
     </span>
    </p>
   </div>
   <div class='ocr_carea' id='block_1_8' title="bbox 170 5675 976 5929">
    <p class='ocr_par' dir='ltr' id='par_1_9' title="bbox 170 5675 976 5929">
     <span class='ocr_line' id='line_1_46' title="bbox 229 5675 976 5734; baseline -0.009 1"><span class='ocrx_word' id='word_1_461' title='bbox 229 5680 239 5714; x_wconf 93' lang='lat'><strong>¹</strong></span> <span class='ocrx_word' id='word_1_462' title='bbox 260 5677 341 5734; x_wconf 79' lang='lat' dir='ltr'><strong>Nnch</strong></span> <span class='ocrx_word' id='word_1_463' title='bbox 366 5678 424 5733; x_wconf 81' lang='lat' dir='ltr'><strong>dem</strong></span> <span class='ocrx_word' id='word_1_464' title='bbox 445 5677 587 5734; x_wconf 81' lang='lat' dir='ltr'><strong>Gcbrnucb</strong></span> <span class='ocrx_word' id='word_1_465' title='bbox 612 5677 661 5731; x_wconf 77' lang='lat' dir='ltr'><strong>dcc·</strong></span> <span class='ocrx_word' id='word_1_466' title='bbox 679 5675 792 5731; x_wconf 72' lang='lat' dir='ltr'><strong>Didicesc</strong></span> <span class='ocrx_word' id='word_1_467' title='bbox 812 5677 919 5730; x_wconf 85' lang='lat' dir='ltr'><strong>Pussnu</strong></span> <span class='ocrx_word' id='word_1_468' title='bbox 940 5676 976 5728; x_wconf 86' lang='lat' dir='ltr'><strong>ist</strong></span> 
     </span>
     <span class='ocr_line' id='line_1_47' title="bbox 170 5765 974 5838; baseline -0.01 -13"><span class='ocrx_word' id='word_1_469' title='bbox 170 5772 222 5826; x_wconf 80' lang='lat' dir='ltr'><strong>der</strong></span> <span class='ocrx_word' id='word_1_470' title='bbox 243 5771 490 5838; x_wconf 73' lang='lat' dir='ltr'><strong>Margarelheuiop</strong></span> <span class='ocrx_word' id='word_1_471' title='bbox 515 5769 564 5820; x_wconf 80' lang='lat' dir='ltr'><strong>dci·</strong></span> <span class='ocrx_word' id='word_1_472' title='bbox 590 5771 630 5820; x_wconf 79' lang='lat'><strong>12.</strong></span> <span class='ocrx_word' id='word_1_473' title='bbox 651 5767 720 5832; x_wconf 77' lang='lat' dir='ltr'><strong>Jott,</strong></span> <span class='ocrx_word' id='word_1_474' title='bbox 745 5767 795 5835; x_wconf 76' lang='lat' dir='ltr'><strong>opi.</strong></span> <span class='ocrx_word' id='word_1_475' title='bbox 818 5765 974 5830; x_wconf 75' lang='lat' dir='ltr'><strong>Groiclind,</strong></span> 
     </span>
     <span class='ocr_line' id='line_1_48' title="bbox 170 5858 546 5929; baseline -0.019 -12"><span class='ocrx_word' id='word_1_476' title='bbox 170 5860 386 5929; x_wconf 73' lang='lat' dir='ltr'><strong>Zeitrccirnunp,</strong></span> <span class='ocrx_word' id='word_1_477' title='bbox 407 5858 466 5924; x_wconf 83' lang='lat'><strong>11¹,</strong></span> <span class='ocrx_word' id='word_1_478' title='bbox 487 5861 546 5910; x_wconf 68' lang='lat'><strong>149.</strong></span> 
     </span>
    </p>
   </div>
   <div class='ocr_carea' id='block_1_9' title="bbox 0 0 2222 6404">
    <p class='ocr_par' dir='ltr' id='par_1_10' title="bbox 0 0 2222 6404">
     <span class='ocr_line' id='line_1_49' title="bbox 0 0 2222 6404; baseline 0 0"><span class='ocrx_word' id='word_1_479' title='bbox 0 0 2222 6404; x_wconf 95' lang='lat' dir='ltr'><strong> </strong></span> 
     </span>
    </p>
   </div>
  </div>
 </body>
</html>
