4426 6404
683 371 753 428 1339
774 369 919 426 December
938 372 955 426 9
975 399 1008 412 -
1028 371 1098 426 1339
1117 369 1264 427 December
1283 372 1324 426 11.
1769 375 1834 440 503

175 557 266 635 680.
293 566 367 630 Dus
390 566 435 631 St.
457 565 796 651 Bardbolcmoemstift
826 569 909 653 31311
938 569 1007 633 dem
1030 568 1193 647 Henselim
1225 567 1311 634 Solm
1340 569 1395 634 des
1425 570 1582 634 Borbiers
1612 571 1666 634 des
1696 561 1835 634 Koieers

292 671 441 756 1331313,
465 673 516 737 die
532 672 776 756 Amwcrtscbaft
792 675 855 757 aas
868 675 918 740 die
934 675 1036 740 drrrcb
1058 675 1118 740 dem
1139 677 1354 741 verstorbemen
1370 675 1557 741 Erumercho
1573 677 1668 760 Story
1683 677 1836 762 pestiftetc

297 777 428 844 Vrlccrie
456 779 513 843 der
535 779 685 865 1131ῑί333
707 781 806 847 Amne
836 783 902 846 3311
932 782 1122 862 perpetraret
1144 782 1221 862 3131,
1247 782 1330 847 diese
1358 782 1487 848 Viborr'c
1510 783 1672 864 spere-lta
1694 805 1758 846 mor
1780 787 1837 846 mit

294 889 392 950 ciuem
416 883 556 950 Priestcr
578 908 620 950 33
644 887 789 954 13331333.
839 891 925 952 1339
949 887 1118 952 December
1141 893 1170 952 9.

284 1077 313 1096 ..
331 1026 398 1092 Nos
416 1077 422 1091 .
439 1076 445 1090 .
463 1025 683 1108 Reinhardus,
702 1029 855 1108 decenne,
876 1079 904 1098 ..
922 1025 1113 1096 Fridericus
1130 1027 1334 1110 scolasticus,
1354 1082 1360 1094 .
1377 1080 1382 1094 .
1400 1029 1566 1112 Wykerus
1583 1035 1699 1095 cantor
1715 1034 1836 1095 totum-

176 1151 238 1213 que
269 1129 449 1215 capitulum
479 1131 617 1199 ecclesie
648 1134 757 1200 sancti
779 1133 1004 1201 Bartholomei
1026 1133 1342 1202 Frankinlordensis
1372 1135 1646 1220 recognoscimus,
1677 1135 1837 1201 vicariam

176 1243 371 1320 perpetuam
387 1239 414 1323 11
430 1237 465 1304 13
493 1239 648 1306 honorem
676 1242 774 1306 beate
802 1243 899 1306 Anne
927 1241 1024 1306 vidue
1052 1261 1111 1323 per
1139 1243 1301 1322 quondam
1324 1241 1561 1308 Emerchonem
1590 1241 1713 1307 dictum
1737 1242 1837 1325 Storg

176 1345 260 1410 bone
285 1345 436 1410 memorie
460 1365 518 1412 seu
542 1365 618 1413 suos
642 1347 854 1413 manufidelcs
876 1347 979 1430 ipsius
997 1347 1124 1413 nomine
1141 1347 1174 1413 in
1192 1347 1836 1432 333133133331333331113131313133311

177 1450 292 1516 taliter
312 1453 352 1516 de
372 1458 486 1518 nostro
507 1471 668 1520 consensu
685 1473 757 1520 esse
774 1461 807 1520 31
823 1452 926 1520 131333
941 1454 1139 1536 institutam,
1156 1457 1243 1535 quod
1259 1462 1334 1536 post
1350 1461 1485 1520 mortem
1503 1455 1623 1520 domini
1638 1454 1836 1537 Hcylmanni

176 1560 216 1622 de
237 1557 402 1638 Moxstad,
427 1557 571 1626 eiusdem
594 1559 718 1627 vicarie
739 1560 835 1643 primi
855 1561 980 1644 vicarii,
1006 1581 1063 1628 seu
1084 1582 1180 1643 quarn
1201 1561 1342 1643 primurn
1363 1562 1452 1627 dicta
1466 1563 1491 1645 11
1505 1561 1631 1628 vicaria
1654 1581 1712 1644 per
1732 1561 1836 1643 ipsius

175 1663 432 1748 resignacicnem
460 1666 513 1732 vel
542 1666 617 1732 aliie
644 1668 748 1734 modis
776 1668 957 1750 vacaverit,
985 1723 1016 1737 ..
1042 1668 1250 1749 Henselinue,
1281 1673 1379 1734 natus
1403 1667 1574 1734 Heneelini
1596 1667 1836 1734 barbitonsorie

175 1769 377 1836 serenissimi
401 1771 521 1838 domini
543 1827 548 1838 .
574 1773 696 1839 domini
719 1775 891 1842 Ludowici
910 1776 1131 1842 Romanorum
1156 1775 1377 1856 imperatorie,
1403 1774 1552 1857 clericae,
1578 1777 1619 1840 ad
1644 1793 1714 1840 eam
1739 1777 1836 1840 debet

175 1875 279 1958 recipi
302 1882 336 1943 et
359 1879 499 1961 admitti,
524 1899 617 1961 quem
634 1880 847 1946 Heneelinum
871 1881 1024 1948 clericum
1049 1885 1090 1948 ad
1115 1881 1236 1948 dictam
1259 1881 1418 1947 vicariam
1441 1881 1565 1948 virtute
1589 1881 1731 1947 eiusdem
1748 1881 1836 1946 ordi-

174 1981 325 2048 nacionis
348 1992 382 2049 et
404 1983 626 2066 institucionis
650 1995 770 2054 extunc
794 1995 831 2054 ut
851 2008 979 2054 exnunc
1003 1996 1036 2055 et
1059 2008 1187 2055 exnunc
1203 1996 1240 2055 ut
1256 1996 1376 2055 extunc
1393 1989 1567 2071 recipimus
1585 1995 1618 2054 et
1634 1987 1836 2054 admittimus

174 2086 209 2154 13
239 2087 303 2154 hiis
333 2090 476 2172 scriptis.
529 2093 754 2160 Promittimus
784 2094 918 2177 insuper
945 2097 1129 2176 bonafide,
1155 2095 1277 2162 dictam
1301 2095 1524 2177 receptionem
1549 2103 1582 2161 et
1606 2094 1836 2161 admissionem

175 2197 215 2259 de
246 2213 389 2276 persona
411 2198 585 2265 Henselini
614 2200 764 2282 predicti,
796 2201 1033 2284 quamprimum
1064 2202 1200 2268 eandem
1224 2202 1392 2284 vicariam,
1417 2208 1454 2268 ut
1479 2202 1689 2283 premittitur,
1714 2222 1835 2270 vacare

175 2301 363 2386 eontigerit,
389 2304 514 2371 meliori
536 2309 641 2388 modo,
668 2327 730 2388 quo
754 2307 826 2374 ficri
842 2316 952 2391 potest
972 2317 1005 2375 31
1022 2312 1120 2376 debet
1136 2313 1176 2375 de
1192 2311 1428 2377 consuetudine
1444 2311 1497 2376 vel
1513 2313 1552 2375 de
1571 2310 1652 2391 iure,
1677 2310 1835 2375 innovare

175 2415 209 2473 31
239 2409 347 2491 ipsum
369 2410 581 2478 Henselinum
613 2417 655 2480 ad
686 2419 822 2482 eandem
852 2422 885 2482 31
912 2415 946 2482 13
970 2423 1118 2482 nostrum
1143 2415 1768 2483 3111131333313333313313313331313
1794 2418 1835 2480 ad

175 2516 522 2613 superhabundantem
546 2521 710 2586 cautelam
733 2523 773 2587 de
798 2542 883 2589 novo
907 2521 1054 2605 recipere
1071 2530 1105 2588 et
1121 2523 1304 2604 admittere,
1332 2523 1592 2590 contradictione
1608 2522 1754 2604 qualibet
1771 2542 1834 2589 non

175 2623 340 2705 obstante,
366 2623 439 2690 dolo
465 2632 498 2690 et
521 2624 640 2693 fraude
656 2628 797 2694 exclusis
814 2629 946 2711 penitus
964 2636 996 2695 31
1013 2631 1155 2696 semotis.
1196 2631 1260 2697 Est
1276 2629 1379 2696 eciam
1396 2629 1559 2696 adiectum
1575 2629 1609 2694 in
1626 2628 1836 2695 ordinacione

175 2748 234 2794 seu
248 2728 462 2797 institucione
478 2733 638 2815 predicta,
664 2738 748 2814 quod
766 2735 919 2818 deinceps
937 2735 1070 2817 prelata
1086 2736 1222 2820 vicaria,
1248 2737 1403 2819 quociens
1420 2757 1492 2802 eam
1509 2756 1629 2803 vacare
1647 2736 1833 2818 contigerit,

175 2854 304 2918 semper
314 2843 391 2903 actu
403 2840 567 2905 sacerdoti
577 2838 667 2906 inira
677 2841 816 2925 triginta
827 2843 897 2910 dies
908 2845 1005 2910 debet
1017 2842 1159 2910 conferri
1172 2863 1231 2925 per
1244 2863 1303 2910 nos
1315 2896 1321 2908 .
1333 2900 1338 2912 .
1352 2847 1521 2925 decanum,
1535 2895 1559 2908 ..
1575 2842 1793 2924 scolasticum,
1807 2894 1813 2906 .
1827 2895 1833 2907 .

175 2950 345 3009 cantorem
375 2951 409 3009 31
434 2995 466 3010 ..
493 2945 671 3027 capitulum
702 2949 897 3015 antedictos.
946 2952 985 3016 ln
1016 2969 1151 3032 quorum
1181 2950 1414 3030 institucionis,
1440 2947 1641 3031 recepcionis
1665 2956 1699 3014 et
1722 2956 1835 3015 nostre

176 3049 430 3132 approbecionis
455 3058 489 3117 et
512 3071 690 3119 consensus
715 3074 754 3120 33
778 3056 918 3122 omnium
936 3063 969 3123 31
984 3058 1186 3141 singulorum
1202 3057 1434 3140 premissorum
1450 3058 1549 3123 robur
1565 3064 1598 3122 31
1614 3055 1835 3122 testimonium

175 3156 317 3240 sigillum
341 3156 430 3246 dicte
453 3165 566 3225 nostre
590 3160 728 3226 ecclesie
751 3161 856 3229 maius
879 3165 1087 3246 presentibus
1112 3172 1163 3231 331
1187 3184 1376 3247 appensum.
1412 3165 1532 3230 Actum
1557 3170 1590 3230 et
1613 3165 1726 3229 datum
1749 3182 1834 3229 anno

174 3263 296 3330 domini
319 3265 359 3330 rb.
384 3261 449 3332 ccb.
473 3266 650 3350 XXXIX,
676 3267 789 3349 quinto
812 3273 897 3352 ydus
921 3273 1111 3339 decembris

393 3440 604 3513 OmPpmtmit
622 3439 1206 3511 331133131133311113333311338311331333
1242 3441 1280 3494 St.
1294 3440 1326 3493 A.
1342 3440 1392 3494 Fr.
1423 3435 1733 3494 333331333331.
1761 3439 1837 3492 Eine

443 3533 543 3601 333113,
556 3533 638 3603 belliq
650 3533 863 3602 pleicbtaalemdc
876 3531 1078 3601 demseriipmrp
1090 3531 1139 3584 mit
1151 3531 1268 3600 qlea‘chcr
1280 3531 1459 3600 Besicqelmrp
1471 3531 1507 3584 iet
1522 3530 1620 3584 Barth.
1634 3529 1672 3584 St.
1687 3530 1740 3583 No.
1754 3532 1806 3584 986
1811 3539 1834 3582 ⁰.

392 3621 490 3676 11311..Ι
513 3621 692 3688 Witrdtweim,
712 3621 903 3690 1113331133,
920 3620 963 3688 Π,
983 3625 1043 3676 572.

174 4077 267 4153 681.
294 4084 357 4150 Die
379 4094 556 4170 3311333133
571 4086 770 4152 Κ3113113333
794 4087 849 4152 des
871 4093 1038 4171 qrbsscrem
1053 4087 1327 4167 erebiscbbflicbem
1344 4086 1546 4150 Strbsidiums
1562 4085 1657 4148 beben
1672 4085 1722 4148 die
1737 4105 1835 4167 33333

293 4195 354 4258 das
370 4196 414 4259 Sc.
432 4195 770 4276 Bembolorrccuestift
792 4217 853 4259 333
870 4195 993 4259 3131333
1015 4195 1071 4258 der
1087 4194 1323 4277 Nicbtecbltmp
1347 4194 1401 4257 des
1418 4193 1621 4257 Subsidiarius
1645 4191 1834 4274 ecrbqutcm

293 4299 560 4382 Kircbemstrasem
584 4301 654 4383 331.
702 4306 789 4365 1339
812 4299 981 4365 December
1005 4306 1056 4365 11.

285 4493 318 4508 ..
343 4443 439 4526 Hugo
463 4441 616 4526 sigillifer
640 4449 673 4509 et
696 4445 867 4510 lohannes
891 4447 930 4509 de
947 4445 1193 4525 Ruschenberg,
1219 4441 1368 4508 notarius
1392 4447 1506 4507 sancte
1523 4440 1712 4524 llloguntinc
1735 4438 1833 4520 331113,

172 4548 315 4615 subsidii
338 4551 469 4616 maioris
494 4549 694 4632 collectores,
720 4570 779 4632 per
795 4551 822 4636 ll
839 4554 1054 4616 reverendum
1072 4549 1106 4616 in
1123 4549 1253 4642 Christo
1271 4555 1398 4630 patrem
1423 4568 1461 4614 ac
1485 4547 1647 4614 dominum
1671 4546 1833 4612 dominum

171 4655 376 4739 Heinricum,
402 4657 682 4740 archiepiscopum
698 4657 937 4741 Mogontinum,
949 4657 1115 4739 deputati,
1133 4657 1278 4722 discreto
1294 4656 1375 4736 viro,
1394 4655 1557 4736 plebano⁸
1573 4657 1599 4739 11
1616 4654 1834 4720 1311331133-

171 4765 261 4846 ford,
294 4763 433 4829 salutem
464 4763 498 4829 13
528 4764 666 4831 domino.
724 4766 755 4829 A
786 4765 961 4830 sentenciis
993 4763 1216 4845 suspensionis
1247 4769 1281 4831 31
1311 4761 1655 4828 excommunicationis
1687 4781 1744 4842 per
1775 4780 1834 4826 nos

172 4869 377 4938 auctoritate
390 4869 471 4936 dicti
483 4871 603 4936 domini
617 4870 723 4936 nostri
734 4871 921 4954 Mogontini
933 4873 960 4956 11
974 4878 1091 4936 contra
1103 4870 1310 4936 honorabiles
1324 4869 1412 4936 viros
1426 4872 1584 4934 decanum
1603 4875 1636 4934 31
1655 4867 1834 4949 capitulum

171 4975 314 5043 ecclesie
344 4976 452 5042 333311
474 4976 697 5044 Bartholomei
727 4984 760 5044 et
784 4977 968 5062 singulares
992 4978 1096 5059 ipsius
1120 4977 1257 5059 capituli
1281 4995 1439 5058 personas
1463 4975 1600 5041 emissas
1624 4995 1722 5056 super
1746 4973 1833 5040 dicto

171 5082 322 5150 subsidio
345 5083 461 5149 maiori
485 5085 710 5165 persolvendo,
736 5084 764 5150 si
785 5104 867 5165 quas
884 5084 1078 5164 inciderunt,
1104 5083 1305 5150 auctoritate
1322 5102 1386 5164 qua
1402 5102 1504 5164 supra
1520 5082 1610 5163 ipsos
1628 5134 1634 5147 .
1650 5133 1656 5146 .
1675 5085 1834 5146 decanum

171 5197 208 5256 et
233 5187 413 5271 capitulum
437 5197 470 5256 et
494 5209 653 5272 personas
678 5190 814 5272 capituli
831 5193 871 5255 ad
889 5191 1051 5256 cautelam
1068 5192 1184 5256 saltem
1202 5190 1401 5256 absolvimus
1417 5196 1450 5255 31
1465 5189 1556 5271 13333
1572 5187 1756 5254 3331333133
1773 5189 1833 5252 331)

172 5299 270 5363 modo
287 5293 527 5362 satisfactionis
543 5299 583 5362 de
599 5297 783 5379 prescripto
800 5297 944 5363 subsidio
962 5317 1020 5379 per
1036 5300 1166 5363 eosdem
1182 5295 1272 5363 lacte
1289 5296 1498 5378 presentibus
1514 5296 1717 5377 relaxamus3
1739 5295 1833 5362 vobis

172 5406 382 5486 mandentes,
408 5410 568 5485 quatenus
591 5403 681 5486 ipsos
706 5407 865 5470 decanum
890 5411 923 5470 et
940 5405 1117 5486 capitulum
1134 5425 1174 5470 ac
1191 5423 1349 5485 personas
1366 5403 1513 5485 capituli,
1539 5402 1586 5468 sio
1602 5409 1638 5468 ut
1656 5400 1832 5484 prefertur,

173 5529 234 5592 per
265 5527 326 5575 nos
356 5511 534 5592 absolutos,
565 5509 656 5593 ipsas
686 5530 813 5592 quoque
844 5511 1028 5578 sentencias
1052 5512 1222 5578 relaxatae
1246 5509 1373 5592 publice
1397 5508 1569 5590 nuncietis,
1595 5509 1623 5574 si
1646 5515 1680 5574 et
1704 5511 1833 5588 quando

174 5636 276 5698 super
307 5617 370 5683 boc
400 5614 531 5684 fueritis
564 5617 751 5700 requisitus.
805 5618 928 5683 Datum
958 5620 1018 5683 sub
1050 5617 1158 5702 sigillo
1188 5616 1427 5683 honorabilium
1458 5616 1601 5684 virorum
1632 5614 1833 5682 dominorum

444 5863 469 5917 ι)
482 5863 614 5918 ,plebeum
628 5861 692 5908 313111
704 5863 803 5920 cloppem
815 5863 850 5906 tm
865 5863 905 5908 Or.
