4416 6414
391 331 434 396 62
1081 329 1152 383 1316
1170 327 1288 384 October
1307 330 1348 386 15.

388 527 576 594 inhabitent
605 525 748 608 pariter,
780 525 810 592 si
839 525 1053 608 delectentur,
1085 525 1137 592 sin
1167 533 1286 609 autem,
1318 547 1378 609 per
1408 534 1530 594 sortem
1561 529 1760 613 sortiantur3
1793 539 1827 598 et
1856 533 1890 598 in
1921 542 2044 617 penam

390 634 527 716 audicio,
552 633 583 700 61
612 632 678 714 ipsi
707 633 829 700 vicarii
859 635 989 699 easdem
1021 636 1132 700 domos
1165 633 1241 700 aliis
1272 633 1505 702 collocaverint
1536 639 1578 701 ad
1608 636 1869 722 inhabitandum,
1895 643 1981 722 quod
2007 695 2042 708 ..

389 746 533 809 decanus
565 747 598 806 et
629 739 806 823 capitulum
837 739 1022 822 supradicti
1050 739 1142 821 ipsas
1173 742 1285 807 domos
1315 741 1380 807 sibi
1403 747 1574 808 assumant
1596 749 1631 809 et
1654 744 1815 812 collocent
1838 753 1872 812 et
1896 765 2041 815 censum.

389 869 484 930 quem
506 848 629 914 habere
652 853 807 929 poterunt
832 850 872 913 de
896 847 1028 928 eisdem,
1053 847 1087 913 16
1111 847 1337 914 anniversario
1361 866 1431 914 meo
1456 869 1528 914 cum
1554 901 1585 915 ..
1611 851 1749 918 vicariis
1773 852 1878 936 ipsius
1900 855 2042 921 ecclesie

389 955 573 1038 percipient
596 960 630 1021 et
653 974 712 1037 pro
737 953 914 1036 presentiis
938 953 1188 1021 amministrent
1228 955 1387 1022 Preterea
1410 956 1524 1023 ordino
1549 964 1583 1022 et
1600 957 1682 1038 volo,
1708 959 1874 1040 premissis
1891 961 2043 1028 omnibus

389 1083 454 1129 non
478 1061 704 1143 obstantibus,
723 1065 807 1142 quod
832 1061 972 1143 predicti
995 1064 1058 1128 duo
1082 1061 1209 1144 vicarii,
1235 1063 1292 1143 qui
1314 1082 1400 1128 nuno
1425 1071 1502 1130 sunt
1525 1063 1578 1130 vel
1596 1063 1652 1145 qui
1667 1085 1727 1148 pro
1743 1071 1890 1148 tempore
1906 1066 2043 1150 luerint,

281 1241 285 1248 ,
390 1168 581 1251 Adelheydi,
605 1166 728 1235 famule
750 1188 831 1252 mee,
857 1169 886 1235 si
908 1188 971 1236 me¹
984 1169 1215 1252 supervixerit,
1241 1177 1382 1251 quatuor
1405 1169 1528 1237 ootalia
1544 1170 1686 1254 siliginis
1702 1191 1853 1242 mensure
1868 1175 2045 1242 Franken-

387 1276 562 1343 verdensis
593 1275 689 1342 annis
720 1275 859 1359 singulis
889 1273 978 1341 inira
1002 1276 1064 1341 duo
1087 1274 1177 1342 festa
1201 1276 1433 1358 assumptionis
1457 1285 1490 1344 et
1514 1277 1703 1345 nativitatis
1727 1281 1824 1346 beate
1847 1281 1952 1350 116616
1976 1283 2045 1348 vir-

389 1383 478 1468 ginis
507 1386 548 1448 de
578 1382 750 1464 prelibatis
774 1382 915 1465 quinque
938 1382 1063 1448 mansis
1085 1382 1119 1448 in
1144 1403 1269 1449 omnem
1293 1390 1446 1450 eventum
1471 1384 1620 1451 tribuant
1643 1393 1676 1450 et
1700 1386 1889 1467 persolvent
1912 1395 2044 1456 tantum

389 1493 432 1556 ad
463 1497 611 1572 tempora
635 1509 692 1556 sue
715 1490 793 1568 vite,
818 1497 853 1557 et
876 1509 916 1556 ea
939 1491 979 1556 de
1002 1490 1108 1556 medio
1133 1491 1274 1572 sublata,
1300 1490 1389 1557 dicta
1412 1499 1553 1573 quatuor
1577 1493 1698 1558 actalia
1721 1495 1764 1558 ad
1786 1493 1876 1574 ipsos
1899 1495 2044 1565 vicarios

388 1597 492 1663 libere
522 1603 733 1662 revertentur
761 1602 794 1663 et
824 1603 982 1678 perpetuo
1013 1599 1238 1664 remanebunt.
1287 1599 1438 1664 Ceterum
1469 1597 1582 1664 ordino
1614 1607 1648 1666 et
1678 1599 1825 1682 dispono,
1849 1607 1897 1682 ut,
1923 1601 1952 1674 si
1975 1623 2044 1668 una

389 1724 511 1786 marea,
537 1723 634 1786 quam
649 1704 796 1770 lacobus
821 1702 981 1786 prelatus
1008 1703 1060 1772 vel
1083 1704 1139 1785 qui
1162 1723 1220 1770 suo
1244 1706 1314 1770 loco
1339 1705 1546 1787 successerit,
1572 1706 1690 1788 recipit
1714 1706 1748 1772 in
1772 1709 1957 1791 presentiis,
1983 1729 2044 1790 per

388 1830 439 1877 me
469 1831 534 1876 non
564 1808 668 1876 luerit
696 1811 843 1893 reposita
873 1817 907 1876 et
936 1818 1186 1894 reconpensata,
1211 1811 1275 1894 ipsi
1298 1815 1361 1878 duo
1385 1812 1503 1880 vicarii
1527 1812 1726 1879 Clamannus
1749 1819 1782 1880 et
1806 1815 1963 1898 lacobus,
1989 1817 2043 1883 vel

390 1918 446 2000 qui
477 1937 535 2000 pro
567 1923 713 2000 tempore
743 1915 877 2000 iruerint,
909 1918 1038 1986 solvent
1068 1924 1102 1985 et
1131 1925 1292 2001 reponent
1322 1923 1459 1986 eandem
1489 1938 1633 1986 marcam
1664 1921 1869 1988 denariorum
1902 1925 1942 1988 de
1974 1923 2042 1992 suis

389 2025 572 2092 redditibus
596 2024 774 2094 annuatim.
822 2026 861 2090 In
885 2025 1021 2092 evidens
1045 2026 1268 2092 testimonium
1291 2033 1326 2092 et
1348 2025 1537 2092 firmitatem
1562 2027 1702 2093 omnium
1719 2027 1953 2109 premissorum
1968 2049 2043 2112 pre-

391 2140 502 2199 sentes
525 2132 649 2198 litteras
673 2131 780 2216 sigillo
805 2132 1016 2198 officialitatis
1040 2133 1247 2214 prepositure
1264 2133 1595 2201 Frankenvordensis
1619 2134 1757 2200 ecclesie
1774 2135 1940 2202 antedicta
1957 2135 2043 2217 pecii

390 2238 589 2306 communiri.
636 2239 683 2304 Et
706 2259 766 2305 nos
784 2292 789 2305 .
807 2295 813 2308 .
831 2239 976 2305 officialis
1000 2238 1207 2322 prepositure
1226 2241 1415 2323 supradicte
1431 2240 1704 2324 recognoscimus,
1728 2261 1788 2308 nos
1805 2245 1847 2307 ad
1862 2241 2042 2310 instantem

389 2352 542 2430 rogatum
564 2344 728 2412 Friderici
759 2344 926 2428 prenotati
957 2345 1101 2430 sigillum
1131 2354 1279 2414 nostrum
1309 2348 1518 2429 presentibus
1541 2348 1737 2430 appendisse
1761 2348 1795 2414 in
1819 2349 2042 2416 testimonium

389 2454 632 2538 premissorum.
679 2453 800 2520 Actum
824 2473 909 2520 anno
934 2453 1056 2520 domini
1079 2455 1119 2520 616.
1142 2452 1207 2520 cbc.
1233 2433 1335 2536 lel,
1353 2433 1392 2521 i.
1414 2453 1488 2520 idus
1512 2454 1665 2523 octobris.

605 2596 651 2651 Or.
665 2597 752 2667 Ppmt
790 2597 964 2667 Antdnpend
982 2597 1033 2650 due
1051 2597 1258 2652 wolrlerbalteue
1279 2597 1543 2666 officialum-Sirpel.
1581 2596 1620 2652 St.
1636 2599 1670 2652 A.
1686 2597 1736 2652 Fr.
1750 2599 1849 2653 Bar-tle.
1863 2597 1901 2652 St.
1916 2599 1971 2652 No.
1982 2601 2041 2652 999.

604 2685 702 2738 116616..Ι
717 2685 895 2754 Wrtrdlwea'a,
914 2685 1007 2740 Dioec.
1023 2685 1106 2756 Moy,
1125 2685 1169 2753 ΙΙ,
1189 2691 1257 2754 550;
1275 2686 1319 2754 B,
1339 2691 1392 2740 429
1411 2688 1480 2741 recob
1498 2687 1556 2740 dero
1579 2685 1624 2741 Or.
1646 2729 1651 2739 .

608 2773 700 2829 Vera:
718 2773 823 2842 Scribo,
841 2773 886 2842 II,
905 2774 958 2828 No.
973 2777 1050 2828 1061.

389 3169 455 3245 60.
480 3177 674 3244 Seleuceia
691 3176 837 3256 Volrod,¹
861 3177 911 3241 dic
934 3178 1080 3259 Scbdffeu
1106 3177 1172 3242 uad
1194 3177 1250 3242 dor
1273 3177 1360 3242 Raro
1382 3199 1423 3241 su
1446 3177 1631 3260 Fraulrfurt
1655 3179 1866 3260 beurkundeu,
1890 3181 1970 3250 dosa
1992 3187 2044 3250 dic

479 3285 746 3368 Judeapemer'adc
776 3285 913 3349 duselbst
943 3284 1007 3365 auf
1034 3285 1134 3349 ibrum
1156 3285 1319 3366 Sebulbof,
1344 3285 1413 3349 dem
1436 3284 1602 3366 Kircbbof
1623 3307 1678 3350 cor
1700 3287 1756 3350 der
1779 3287 1870 3352 srael
1894 3293 1959 3356 und
1983 3293 2044 3358 dea

477 3413 519 3456 66
542 3391 611 3455 dem
634 3391 776 3456 16121666
798 3391 993 3475 potamum
1010 3390 1182 3457 Gebduden
1205 3413 1247 3457 aa
1266 3393 1403 3476 leoud
1426 3412 1485 3456 voa
1500 3391 1710 3457 Kolnbousea
1733 3393 1799 3458 6661
1821 3395 1931 3461 dassen
1948 3398 2043 3463 Fron

477 3498 638 3563 Kuutaelo
661 3501 750 3562 61666
772 3497 851 3563 Ζ166
875 3519 933 3566 von
956 3504 1001 3562 28
1015 3498 1115 3564 Morlr
1130 3497 1229 3562 Korn.
1252 3503 1387 3583 armiger
1410 3505 1456 3563 32
1471 3498 1612 3584 Pfouuip
1629 3499 1773 3579 jdlurlicb
1788 3502 1935 3586 vcrkuuft
1952 3505 2041 3582 bube,

478 3609 534 3670 mit
563 3605 633 3670 doru
657 3604 787 3685 Zusote,
818 3605 896 3670 dass
925 3606 1027 3670 dieser
1052 3605 1131 3670 Zins
1160 3607 1243 3671 norb
1266 3605 1395 3687 Ablouf
1422 3627 1481 3671 voc
1504 3612 1525 3670 6
1548 3605 1673 3671 Jabrea
1696 3607 1810 3672 116666
1832 3613 1976 3676 medaea
1999 3619 2043 3676 10

478 3712 604 3778 Jobrea
626 3715 682 3776 mil
705 3714 803 3776 ciuem
826 3710 915 3777 Mola
938 3713 1012 3777 oder
1035 3716 1069 3776 16
1092 3716 1169 3777 rwer‘
1191 3713 1292 3778 Ratun
1315 3713 1454 3796 abpelo'st
1478 3713 1600 3778 werdere
1622 3713 1717 3792 16666,
1747 3715 1829 3780 aaut
1853 3722 1896 3780 16
1918 3717 2044 3783 Jalrea

478 3821 554 3884 abor
576 3820 632 3883 der
655 3820 739 3884 nield
762 3819 917 3904 obpelo'stc
934 3819 1024 3884 Tbeil
1045 3842 1087 3885 au
1110 3822 1195 3885 6166·
1217 3824 1335 3904 ewipeu
1353 3820 1447 3885 Gutta
1466 3820 1590 3884 werden
1605 3821 1674 3884 soll.
1721 3825 1809 3885 1316
1835 3823 1965 3889 October
1988 3831 2042 3889 15.

496 3961 536 4026 In
567 3963 669 4044 godes
700 3979 827 4042 namen,
860 3978 963 4027 amen.
1011 3961 1082 4028 Wir
1113 3958 1292 4029 seultheise
1305 3963 1422 4029 Volrat
1452 3960 1505 4028 ein
1528 3961 1636 4044 ritter,
1662 3960 1714 4028 die
1740 4013 1772 4030 ..
1798 3963 1930 4030 sobeffin
1953 3970 2042 4032 unde

392 4071 450 4134 der
475 4119 507 4132 ..
532 4073 587 4133 rat
616 4087 681 4134 von
705 4068 946 4135 Frankenvord
974 4069 1139 4135 bekennin
1168 4069 1361 4156 uffinlllicbe
1392 4090 1435 4136 an
1465 4067 1585 4135 diesem
1609 4069 1703 4134 brive
1727 4072 1813 4136 unde
1836 4073 1979 4155 begeren
2003 4093 2043 4139 sa

391 4178 453 4242 den
483 4172 724 4258 gcinwortigin,
750 4193 788 4240 sa
817 4177 880 4241 deu
910 4173 1119 4259 zirkunftigin
1149 4175 1238 4241 dirre
1265 4164 1374 4260 din'ge,
1399 4176 1452 4242 die
1475 4175 1620 4242 bernach
1644 4177 1817 4259 gesorebin
1841 4177 1916 4260 sint,
1942 4181 2043 4246 16661-

391 4277 502 4347 sohaft
518 4281 545 4366 ll
561 4279 601 4346 616
624 4300 829 4363 vernemene,
854 4285 914 4349 das
938 4281 990 4348 die
1014 4280 1240 4365 gemeinschai
1263 4285 1322 4349 der
1344 4282 1442 4349 iuden
1461 4303 1501 4348 uu
1517 4283 1759 4349 Frankcnvord
1775 4303 1836 4350 vor
1851 4302 1912 4350 uns
1928 4305 2042 4352 waren

389 4391 475 4454 unde
507 4386 633 4453 cleiden
663 4387 694 4454 ir
723 4393 781 4454 not
812 4391 897 4455 unde
927 4387 980 4454 iru
1010 4390 1158 4456 kummer
1187 4393 1273 4456 unde
1290 4389 1316 4473 [s
1333 4409 1432 4474 groze
1462 4389 1583 4472 schold,
1609 4392 1652 4456 da
1682 4389 1729 4455 sie
1752 4390 1940 4474 grabeliebe
1963 4391 2042 4458 inne

391 4513 512 4576 waren,
537 4497 623 4559 unde
646 4514 722 4562 wan
746 4493 793 4560 sie
817 4498 938 4562 anders
961 4495 1053 4562 nicht
1075 4495 1204 4562 inhatin
1228 4494 1452 4580 anzegrifene,
1476 4499 1518 4562 da
1542 4495 1589 4563 sie
1612 4496 1643 4562 ir
1667 4497 1779 4563 schold
1795 4496 1879 4562 mide
1895 4498 2042 4564 moobtin

390 4601 501 4685 geldiu
531 4602 616 4666 unde
646 4602 677 4666 ir
706 4607 763 4667 not
794 4602 931 4670 etliober
959 4623 1050 4669 mane
1074 4602 1274 4685 verwinden,
1300 4606 1357 4669 des
1381 4602 1510 4670 viudin
1534 4603 1580 4670 sie
1605 4606 1709 4670 under
1731 4603 1765 4669 in
1789 4603 1829 4670 zir
1852 4607 1942 4686 rade,
1967 4625 2042 4671 von

390 4706 460 4774 dise
483 4715 541 4776 not
565 4710 650 4774 unde
674 4707 762 4775 diesc
786 4709 873 4775 soult
896 4707 948 4776 die
971 4707 1140 4793 gemeinde
1163 4713 1222 4775 der
1244 4709 1342 4776 iuden
1366 4709 1537 4794 anegieng,
1563 4712 1623 4776 das
1647 4710 1694 4776 sie
1718 4729 1781 4777 von
1798 4712 1857 4777 der
1872 4709 2042 4794 gemeinen

390 4814 489 4881 iuden
519 4817 605 4898 gude
635 4815 718 4881 ouch
748 4815 887 4882 etliober
916 4836 1007 4882 mane
1038 4816 1109 4882 sich
1140 4819 1205 4884 dan
1234 4835 1275 4882 uz
1308 4816 1451 4899 nundin,
1483 4820 1540 4883 des
1570 4817 1738 4884 inkunden
1764 4817 1813 4883 sie
1835 4819 1967 4884 bessers
1990 4817 2041 4883 nit

355 4961 361 4975 ·
389 4921 522 5004 vindan,
546 4922 631 4988 noch
662 4924 838 5004 erdenlren,
864 4943 939 4990 wan
969 4926 1029 4989 das
1060 4923 1107 4990 sie
1136 4921 1174 4989 ul
1203 4923 1233 4989 ir
1262 4923 1350 4990 scole
1376 4927 1463 4990 unde
1487 4923 1630 5005 scolhob,
1655 4927 1741 4990 unde
1765 4923 1795 4989 ir
1818 4923 1956 4990 kircbob
1981 4943 2042 4990 vor

390 5027 449 5095 der
480 5029 556 5094 stad
586 5031 672 5095 unde
702 5029 753 5096 die
783 5031 854 5113 hus,
880 5030 932 5096 die
962 5029 1002 5097 rb
1029 5034 1121 5097 deme
1151 5031 1308 5096 kircbobe
1337 5032 1464 5113 horent,
1489 5031 1571 5096 baut
1594 5028 1751 5097 verkoult
1774 5032 1866 5096 deme
1891 5049 2041 5096 ersamen

390 5154 507 5201 manne
523 5135 685 5219 Wigande
714 5154 780 5205 von
806 5137 998 5220 Kolnbusin,
1030 5138 1128 5204 unsin
1159 5138 1289 5221 burger,
1314 5140 1400 5203 unde
1422 5137 1611 5221 Kuntzelin,
1644 5137 1732 5203 siner
1762 5136 1887 5202 61161666
1919 5136 2039 5218 wirtin,

389 5244 476 5308 unde
505 5241 576 5308 iren
607 5241 700 5309 erbin
730 5243 1018 5328 aohtuntzwennig
1043 5264 1133 5310 marc
1158 5244 1312 5311 Oolscber
1335 5244 1532 5328 pbenninge,
1557 5265 1620 5310 ane
1644 5243 1882 5327 nwenuntrizig
1905 5243 2041 5309 Colsobe

390 5347 586 5432 pbenninge,
610 5348 662 5414 dri
692 5349 797 5416 baller
827 5369 889 5418 vur
919 5353 983 5416 den
1012 5351 1188 5435 phenning,
1213 5351 1244 5416 ie
1275 5351 1327 5417 die
1358 5371 1448 5417 maro
1478 5369 1583 5416 umme
1614 5349 1711 5418 zwell
1741 5369 1831 5416 marc
1855 5349 2041 5433 pbenninge

391 5457 449 5521 der
479 5454 584 5521 selbin
614 5475 779 5540 werunge,
805 5456 869 5523 alle
898 5457 951 5523 iar
981 5456 1018 5523 ul
1048 5465 1141 5525 sente
1164 5457 1312 5541 Mychels
1343 5460 1409 5541 dag
1437 5460 1523 5524 unde
1553 5457 1675 5523 binnan
1707 5459 1769 5522 den
1800 5463 1916 5522 nesten
1945 5457 2042 5522 echte

390 5563 507 5645 dagen,
533 5563 586 5628 die
610 5563 757 5631 dernach
781 5563 917 5647 volgint,
942 5585 980 5630 ze
1003 5567 1139 5649 gebeno,
1164 5565 1225 5631 mit
1247 5564 1508 5631 underscbeiden
1532 5563 1601 5630 also
1625 5564 1769 5630 bernach
1793 5563 1938 5646 volgint:
1970 5563 2042 5630 Das

445 5729 752 5786 'Soleullbeissl'olrod
770 5731 1111 5788 oausaaSouaJouoaa
1124 5734 1188 5789 siud
1242 5733 1291 5799 sur
1315 5735 1367 5788 das
1385 5735 1498 5788 Kloetor
1517 5734 1668 5803 Arnsburp.
1706 5733 1777 5786 1316
1800 5731 1873 5786 Juor'
1898 5735 1915 5784 9
1938 5732 1978 5796 (in
1998 5730 2043 5784 die

389 5819 498 5889 Zeupen
516 5820 547 5873 16
565 5821 640 5902 aner
662 5821 964 5876 UrbuudeEberlmrds
982 5838 1034 5876 oon
1046 5823 1188 5894 Breuberp
1242 5821 1327 5876 Primi
1336 5821 1503 5878 etFolieiani
1511 5821 1609 5890 mart).
1633 5818 2042 5888 (166166,06ἀ.11161.,111,138.
