4428 6406
834 317 903 372 11110
921 315 1038 370 October
1058 317 1100 370 12.
1468 345 1471 350 ·
1728 319 1793 384 295

144 511 232 577 iuxta
256 513 525 578 consuetudinem
548 513 684 579 ecclesie
704 534 761 579 sue
779 520 973 594 memorate,
999 513 1244 579 honorabilibus
1262 513 1343 580 viris
1362 565 1367 578 .
1384 568 1389 580 .
1407 515 1591 594 scolastico,
1610 571 1616 582 .
1633 566 1639 578 .
1658 521 1793 580 cantore

144 626 174 683 et
208 619 375 684 canonicis
416 617 575 684 antefatis
615 621 888 702 respondentibus
928 627 960 686 et
996 620 1185 702 petentibus
1220 617 1412 686 dilationem
1448 621 1543 686 unius
1567 621 1728 702 quindena
1752 624 1793 686 ad

144 726 386 791 deliberandum
410 745 510 808 super
534 727 745 808 responsione
770 728 942 810 peticionis
966 735 1154 808 memorate,
1180 747 1251 793 cnm
1271 729 1486 811 Heylmanno,
1512 735 1591 794 nato
1609 728 1728 794 Jacohi
1752 730 1794 793 ad

145 833 278 914 Alleum,
304 833 504 899 auctoritate
536 833 700 916 imperiah
730 837 769 900 de
801 835 996 901 canonicatu
1029 843 1062 901 et
1093 837 1261 917 prebenda
1283 835 1316 900 in
1342 855 1452 903 eorum
1476 835 1615 902 ecclesia
1638 834 1795 900 iamdicta

145 947 226 1004 esset.
251 940 355 1005 eciam
380 941 556 1022 provisum,
582 941 706 1008 virtute
731 941 822 1008 canius
846 962 958 1008 eorum
982 942 1130 1024 ecclesia,
1152 942 1180 1008 si
1196 963 1262 1008 non
1278 942 1509 1009 admitteretur
1526 944 1567 1008 ad
1584 943 1794 1024 prebendam,

146 1055 177 1110 nt
200 1047 391 1129 predicitur,
415 1055 591 1114 vacantem
615 1069 655 1114 ex
679 1056 782 1114 morte
807 1052 969 1130 qnondam
985 1049 1148 1116 iohannis
1166 1052 1205 1116 de
1221 1049 1457 1130 Bettenhusen,
1484 1055 1596 1130 posset
1613 1047 1796 1129 perichtari

147 1159 173 1218 et
202 1154 383 1220 devastari.
431 1157 537 1239 Quam
567 1154 760 1222 dilacionem
784 1162 818 1221 et
843 1156 1048 1222 deliberandi
1072 1157 1244 1223 terminum
1269 1157 1439 1224 Johanncs
1464 1154 1692 1221 Shernslillere
1716 1158 1796 1221 dare

147 1259 317 1342 recusavit,
342 1281 415 1327 cum
438 1261 522 1327 alias
545 1262 630 1328 idem
646 1263 816 1328 «Iohannes
840 1263 1078 1346 prenominatis
1104 1317 1136 1329 ..
1163 1263 1347 1344 scolastico,
1375 1315 1407 1328 ..
1433 1261 1561 1328 cantori
1584 1270 1619 1328 et
1634 1260 1796 1330 fratribus

102 1361 107 1366 ’
148 1366 380 1448 capitularibus
403 1368 541 1435 ecclesie
565 1367 713 1450 sepelate
738 1370 913 1436 terminum
937 1378 1010 1436 octo
1035 1371 1158 1436 dierum
1184 1373 1225 1437 ad
1249 1370 1494 1436 deliberandum
1519 1389 1618 1451 super
1634 1368 1795 1451 peticione

148 1479 175 1538 et
204 1473 274 1540 eins
305 1474 516 1556 responsione
548 1482 728 1542 memorata
759 1477 992 1558 concessisset,
1025 1485 1059 1542 et
1089 1481 1250 1558 quendem
1282 1495 1470 1559 processum
1501 1475 1702 1542 honorabilis
1732 1475 1797 1542 viri

149 1580 260 1646 domini
279 1634 284 1645 .
302 1633 307 1645 .
326 1581 443 1646 decani
459 1581 595 1646 ecclesie
613 1581 720 1648 sancti
735 1583 827 1649 Petri
842 1585 1038 1666 hloguntine',
1058 1584 1243 1652 executoris
1260 1583 1457 1666 provisionis
1473 1583 1617 1649 eiusdem
1632 1579 1796 1648 iohannis

149 1687 365 1754 dhernslillers
389 1709 409 1753 a
433 1691 511 1754 sede
527 1689 710 1770 apostolica
727 1689 879 1774 delegati,
898 1698 1014 1758 contra
1032 1712 1142 1758 omnes
1159 1697 1192 1757 et
1209 1691 1355 1774 singulos
1371 1696 1581 1772 occupantes,
1600 1689 1795 1768 detinentes

150 1793 339 1876 recipientes
363 1801 397 1860 et
419 1795 628 1877 inpedientes
648 1797 731 1862 clam
747 1797 801 1864 vel
817 1797 925 1878 palam
942 1797 1048 1880 ipsum
1064 1798 1261 1879 Johannem,
1286 1797 1457 1880 quominus
1473 1795 1612 1878 irnctuS,
1637 1795 1803 1877 redditae,-

151 1907 333 1982 proventus,
359 1903 547 1983 pensionem
568 1909 601 1968 et
618 1903 835 1970 obvenciones
853 1905 939 1971 dicte
956 1925 1014 1970 sue
1031 1907 1195 1986 prebende
1212 1903 1349 1987 pacifice
1365 1909 1478 1986 posset
1494 1903 1642 1985 adipisci,
1653 1910 1668 1941 ⁸
1686 1902 1795 1986 legere

150 2005 243 2073 voluit
267 2015 302 2074 et
324 2009 390 2092 legi
414 2029 604 2090 procurare.
651 2009 725 2074 Hiis
748 2030 827 2077 vero
853 2065 885 2077 ..
911 2012 1085 2078 scolastico
1110 2019 1144 2078 et
1170 2064 1202 2076 ..
1229 2017 1374 2092 cantore,
1401 2010 1567 2077 canonicis
1586 2016 1620 2075 et
1635 2008 1796 2076 iratribus

153 2115 383 2196 capitularibus
400 2115 560 2182 antelatis
577 2115 796 2199 audientibus,
812 2121 897 2199 qnod
913 2118 1098 2184 huiusmodi
1114 2118 1287 2184 terminum
1306 2117 1511 2184 deliberandi
1524 2121 1603 2183 darc
1617 2113 1748 2182 renuitb
1765 2123 1798 2181 et

152 2227 259 2287 contra
275 2225 415 2303 eosdem,
428 2222 463 2288 iu
480 2231 637 2304 qnantum
653 2223 792 2307 rigidius
809 2231 930 2307 posset,
945 2224 1122 2306 procedere
1139 2225 1247 2304 vellet,
1262 2225 1395 2290 iusticia
1410 2224 1584 2306 mediante,
1599 2225 1798 2306 prebendam

154 2328 317 2409 prelatam,
336 2337 373 2395 ut
389 2330 601 2412 premittitur,
620 2331 667 2398 sic
684 2339 867 2414 vacantem,
886 2332 987 2398 eidem
1005 2334 1027 2398 J
1030 2332 1151 2398 ohanni
1167 2331 1253 2396 dicto
1267 2331 1491 2398 Shernshllere
1508 2351 1580 2397 cnm
1598 2330 1798 2413 plenitudine

153 2435 224 2501 iuris
248 2437 398 2503 canonici
422 2438 629 2504 concorditer
653 2439 876 2522 assignarunt.
926 2439 1078 2505 Discreto
1102 2439 1173 2505 viro
1194 2438 1324 2505 domino
1341 2438 1542 2504 Theoderico
1560 2438 1647 2504 dicto
1664 2437 1797 2516 Rorich,
1874 2475 1879 2493 ι

154 2544 300 2610 canonico
325 2541 467 2626 prefato,
493 2545 546 2610 cui
567 2545 716 2611 dominus
741 2546 925 2626 Bertoldns
945 2598 973 2612 ..
992 2548 1146 2627 decanus,
1172 2545 1261 2612 vices
1285 2565 1363 2612 snas
1386 2545 1420 2611 in
1437 2547 1498 2611 hac
1517 2551 1611 2628 parte
1628 2543 1796 2618 commisit,

155 2670 204 2730 pro
234 2655 346 2717 eodem
377 2653 505 2718 domino
530 2703 562 2718 ..
588 2655 713 2718 decano
738 2659 955 2735 protestante,
984 2656 1070 2735 quod
1100 2653 1133 2718 in
1157 2653 1252 2719 huius
1276 2655 1440 2735 prebende
1465 2651 1715 2736 assignatione⁰
1740 2671 1799 2733 per

155 2757 253 2824 ornnia
279 2758 364 2823 idern
389 2759 537 2825 dominus
563 2813 594 2828 ..
621 2762 766 2826 decanus
790 2763 1006 2826 concordaret
1030 2767 1062 2826 et
1087 2760 1298 2840 consentiret,
1324 2759 1353 2825 si
1375 2759 1462 2825 idem
1485 2759 1656 2824 iohannes
1680 2758 1799 2824 Shern-

155 2865 244 2930 shder
268 2865 435 2948 canonice,
461 2867 606 2948 denifice,
632 2867 696 2933 rite
720 2874 753 2933 et
776 2865 1023 2934 racionabiliter
1050 2869 1249 2948 prebendam
1273 2864 1456 2932 huiusmodi
1480 2863 1567 2931 foret
1591 2871 1797 2930 consecutus.

155 2972 388 3040 llandavernnt
412 2974 516 3040 eciam
534 3025 540 3038 .
557 3027 563 3039 .
582 2974 786 3056 scolasticus,
805 3027 811 3039 .
828 3027 833 3039 .
853 2981 968 3040 cantor
991 2980 1026 3039 et
1050 2974 1152 3040 ceteri
1174 2972 1298 3064 iratres
1315 2971 1452 3054 capituli
1467 2971 1637 3037 memorati
1653 2970 1800 3037 unanimi

156 3099 305 3146 consensu
329 3081 476 3162 Johanni
505 3081 594 3148 dicto
628 3085 667 3148 de
691 3082 921 3166 Heldebergen
951 3083 1109 3164 presenti,
1136 3134 1168 3150 ..
1194 3081 1334 3147 officiato
1359 3087 1393 3145 et
1416 3078 1587 3145 cellerario
1613 3081 1798 3159 eorundem,

156 3185 282 3270 lrnctns,
308 3188 467 3271 redditae,
492 3190 675 3272 pensiones,
702 3197 882 3271 proventus
899 3196 932 3256 et
948 3189 1167 3255 obvenciones
1183 3197 1217 3254 et
1234 3189 1300 3255 alia
1316 3187 1424 3254 omnia
1440 3186 1513 3252 iura
1530 3186 1617 3251 dicte
1634 3185 1799 3267 prebende

157 3301 320 3374 prenotato
344 3295 490 3361 Johanni
514 3296 603 3362 dicto
619 3296 854 3376 Shernslitlere,
880 3304 987 3378 prout,
1012 3299 1142 3377 quando
1166 3302 1201 3361 et
1224 3295 1378 3376 quociens
1403 3292 1556 3359 distribui
1580 3291 1799 3372 consueverit,

155 3398 352 3484 inlegrahter
383 3409 593 3485 presentare,
626 3411 659 3469 et
689 3404 839 3469 mandari
870 3403 1000 3486 pistori,
1030 3409 1067 3467 nt
1097 3403 1161 3484 ipsi
1191 3401 1337 3469 Johanni
1367 3399 1602 3482 Shernshliere,
1634 3406 1801 3481 tamqnam

158 3507 244 3574 alteri
273 3528 386 3574 eorum
417 3510 647 3592 concanonico,
673 3510 742 3576 sine
773 3510 989 3576 diminucione
1020 3513 1059 3576 de
1085 3509 1224 3592 panibus
1248 3508 1415 3575 canonicis
1441 3507 1705 3574 deservientibus
1729 3507 1802 3573 dari

159 3616 312 3682 consuetis
348 3615 460 3697 aliqua
495 3617 683 3700 assignaret
718 3623 752 3683 et
786 3620 1000 3699 responderet
1036 3615 1148 3684 eidem.
1209 3616 1282 3682 Solo
1315 3616 1522 3700 Heylmanno
1559 3615 1646 3681 dicto
1680 3616 1800 3698 Froyz,

158 3723 303 3788 canonico
328 3729 514 3805 prenotato,
538 3725 598 3790 hee
621 3726 726 3790 verba
750 3727 791 3790 ad
816 3727 952 3790 eundem
977 3743 1086 3791 eorum
1107 3723 1281 3790 officiatum
1297 3721 1495 3804 proferente,
1522 3725 1616 3804 qnod,
1635 3721 1664 3788 si
1679 3721 1798 3803 aliquis

159 3827 307 3896 violenter
331 3830 470 3913 fructus,
496 3832 653 3913 redditus
680 3839 860 3914 proventus
884 3831 1166 3913 obvencionesqne
1190 3829 1335 3896 eiusdem
1352 3832 1517 3912 prebende
1534 3828 1636 3896 eidem
1653 3829 1800 3895 Johanni

161 3933 374 4003 Shernshllere
399 3935 556 4018 auferret,
582 3958 681 4020 super
699 3939 760 4004 hoc
778 3937 841 4004 sibi
857 3945 1009 4020 prestare
1026 3921 1136 4004 iurent
1152 3937 1327 4006 remedium
1345 3957 1402 4002 sen
1418 3937 1583 4003 iusticiam
1600 3936 1798 4018 inpotentes.

161 4045 237 4107 Acta
258 4049 334 4109 sunt
357 4044 418 4110 hec
442 4045 549 4111 omnia
574 4053 606 4111 et
632 4045 760 4129 singula
785 4045 954 4127 premissa,
981 4065 1065 4112 anno
1090 4043 1220 4122 domini,
1245 4043 1436 4126 indiccione,
1457 4042 1661 4126 pontificatu,
1680 4062 1799 4125 mense,

160 4147 213 4228 die,
237 4151 316 4216 hora
347 4157 380 4216 et
406 4151 481 4217 loco
512 4152 663 4233 superius
693 4152 758 4218 iam
789 4153 923 4234 notatis
949 4152 1156 4234 presentibus
1185 4159 1218 4218 ct
1242 4151 1532 4217 circumstantibus
1556 4148 1801 4217 honorabilibus

162 4255 233 4322 viris
262 4266 293 4323 et
324 4257 492 4324 discretis:
525 4259 681 4326 Heinrico
712 4259 801 4326 dicto
833 4261 980 4326 Shrenke
1013 4312 1045 4326 ..
1078 4262 1213 4325 custode
1244 4258 1382 4324 ecclesie
1413 4265 1602 4324 sanctornm
1632 4257 1737 4323 Marie
1767 4264 1801 4323 et

163 4359 285 4448 Georgii
319 4366 654 4448 Franhcnfordensis,
695 4367 851 4433 Heinrico
892 4367 979 4432 dicto
1007 4364 1096 4432 Wolf
1131 4365 1288 4432 canonico
1324 4365 1460 4432 ecclesie
1495 4365 1605 4431 sancti
1642 4365 1803 4446 Stephani

163 4469 349 4554 lloguntinr',
384 4472 537 4539 Johanne
571 4473 658 4540 dicto
692 4477 731 4539 de
766 4474 1005 4558 Heldebergen,
1040 4473 1234 4539 Thilmanno
1268 4473 1355 4538 dicto
1388 4471 1613 4538 Sherusliliere
1646 4472 1802 4538 canonico

164 4577 288 4644 ecclesie
317 4579 426 4646 sancti
449 4579 575 4646 Florini
604 4579 638 4645 in
662 4581 880 4660 Confluencia,
906 4587 939 4646 et
968 4601 1064 4661 quam
1095 4579 1242 4662 pluribus
1274 4579 1347 4646 aliis
1370 4579 1553 4663 fidedignis
1578 4582 1619 4645 ad
1644 4578 1804 4660 premissa

164 4685 279 4752 vocatis
303 4707 360 4768 pro
385 4687 527 4752 testibus
551 4695 584 4753 et
607 4687 743 4772 rogatis.

261 4794 593 4878 (Notartatsceicbcu.)
651 4795 697 4860 Et
731 4815 791 4878 ego
825 4793 987 4878 Syiridns,
1024 4803 1122 4860 natus
1157 4797 1320 4876 qnondam
1354 4793 1502 4859 Bertoldi
1537 4793 1619 4858 dicti
1651 4790 1802 4872 Rblman,

653 4902 786 4984 opidani
801 4903 1127 4985 Franheasordensts,
1153 4901 1291 4967 clericus
1307 4899 1497 4984 Moguntine
1520 4898 1679 4982 dyocesis,
1700 4899 1805 4982 publi-

654 5030 710 5076 cus
741 5012 941 5077 anctoritate
968 5010 1131 5092 imperiali
1153 5008 1312 5090 notarius,
1338 5007 1415 5089 qnia
1439 5006 1587 5074 omnibus
1611 5012 1643 5072 et
1668 5006 1805 5090 singulis

656 5118 825 5200 premissis
856 5137 923 5183 una
954 5137 1026 5183 cnm
1050 5116 1235 5199 prenotatis
1260 5115 1400 5181 testibus
1425 5133 1560 5196 presens
1583 5111 1729 5194 interlui,
1754 5133 1804 5195 ea,

653 5232 690 5291 nt
714 5232 810 5309 gesta
834 5231 920 5306 sunt,
945 5224 1017 5291 fieri
1032 5224 1101 5290 vidi
1117 5231 1151 5289 et
1167 5222 1288 5302 audivi,
1314 5221 1452 5304 ipsaque
1467 5241 1566 5287 manu
1583 5240 1656 5286 mea
1671 5220 1807 5304 proprie

654 5331 834 5414 conscripsi
858 5338 890 5398 et
914 5332 947 5397 in
971 5333 1056 5397 hanc
1080 5330 1244 5412 pnbhcam
1268 5328 1406 5395 formam
1430 5327 1543 5411 redegi
1563 5327 1719 5411 signoque
1735 5347 1806 5393 meo
1835 5380 1839 5388 .

655 5439 750 5506 solito
787 5439 930 5522 signavi,
967 5443 1117 5522 rogatus,
1155 5439 1215 5503 sub
1251 5436 1361 5502 debito
1396 5435 1579 5501 iuramento
1614 5433 1678 5500 mei
1713 5433 1807 5500 officii

654 5545 889 5612 tabellionatus
913 5545 1089 5628 diligenter
1113 5543 1300 5625 requisitus.

369 5691 414 5742 Or.
431 5688 519 5757 Pyrri.
557 5687 596 5740 St.
610 5689 643 5740 Α.
658 5687 709 5741 Fr.
747 5687 846 5741 Barth.
859 5688 898 5741 St.
913 5687 966 5740 No.
981 5690 1040 5740 691.

421 5838 445 5880 ιιι
462 5827 503 5871 Or.
518 5826 686 5881 ,adypyaclnc
716 5827 738 5876 b)
755 5827 795 5871 Or.
812 5831 941 5879 ,remnnt“.
968 5836 990 5874 or
1006 5827 1047 5870 Or.
1062 5826 1265 5879 ,uslauseinais
