4414 6402
761 329 764 335 ¹
879 351 948 406 1321
967 347 1075 408 ianuar
1094 349 1136 404 26.
1156 319 1158 326 ‚
1216 323 1218 326 Ι
1762 355 1825 420 127

138 533 145 556 ”
180 551 181 554 ’
337 547 492 616 Decanus
519 599 550 614 ..
576 546 714 614 ecclesie
738 528 1072 626 Franl'emoloensis,
1097 529 1196 616 iudex
1220 568 1241 614 a
1264 551 1341 616 sede
1372 547 1555 632 apostolica
1584 547 1766 632 delegatus,
1793 555 1827 615 et

173 706 204 720 ..
229 653 378 720 officiahs
409 652 627 736 prepositure¹
646 652 791 719 eiusdem
818 651 964 735 ecclesie,
989 653 1283 738 reco'glsnoscimus
1307 673 1366 736 per
1389 660 1569 736 presentes,
1595 656 1680 735 quod
1704 655 1823 736 Matza,

171 760 287 828 ‘relicta
318 761 480 841 quondam
511 757 703 842 Gysclberti
733 759 774 824 de
804 758 974 840 superiore
997 758 1179 843 Hergeren,
1211 759 1245 825 in
1276 759 1382 826 nostri
1411 759 1584 843 presencia
1614 760 1826 844 constilltuta

172 866 299 949 publice
330 872 382 932 est
414 863 575 946 confessa,
601 866 688 946 quod
710 863 920 932 honorabiles
944 865 1008 932 viri
1031 872 1064 932 et
1088 863 1234 949 religiosi
1259 918 1290 932 ..
1318 867 1562 932 commendator
1585 872 1619 932 et
1644 917 1676 931 ..
1701 864 1826 932 iratres

138 1036 140 1040 .
171 975 283 1039 domus
307 971 510 1038 Theutonice
533 969 741 1054 hospilitalis
765 979 880 1046 sancte
903 970 1009 1038 Maria
1033 967 1305 1038 Jerusalemitani
1327 971 1361 1037 in
1381 971 1607 1038 Sassenhnsen
1630 971 1692 1052 ipsi
1717 971 1825 1037 Matre

140 1125 145 1132 -
172 1078 232 1146 soli
253 1083 385 1144 tantum
409 1080 451 1144 ad
475 1076 543 1145 vite
567 1096 625 1142 sue
645 1082 808 1168 tempora,
834 1077 988 1158 quamdiu
1012 1076 1199 1158 pensionem
1225 1096 1317 1142 suam
1342 1075 1478 1144 solverit
1503 1075 1665 1159 expedite,
1687 1077 1826 1142 colloca-

172 1184 282 1250 verint
315 1189 348 1249 et
382 1181 605 1249 concesserint
639 1181 764 1248 curiam
797 1188 830 1248 et
863 1183 950 1249 bona
983 1201 1044 1248 sua
1075 1182 1141 1264 ipsi
1174 1182 1262 1249 curie
1296 1181 1474 1250 attinentia
1503 1181 1538 1248 in
1561 1183 1640 1249 villa
1657 1181 1825 1266 superiore

137 1327 140 1332 ·
171 1291 342 1374 Hergeren
366 1296 400 1355 et
423 1287 572 1354 terminis
596 1287 666 1354 eius
690 1287 756 1354 sita
775 1287 845 1354 iure
870 1287 1065 1370 coloneario,
1091 1291 1178 1370 quod
1201 1289 1234 1354 in
1250 1287 1382 1372 vulgari
1398 1287 1519 1354 dicitur
1535 1288 1823 1374 lantsydelnreich,

170 1399 312 1464 mnenda
336 1402 371 1461 ct
393 1395 602 1477 possidenda,
626 1394 676 1460 ita
699 1397 785 1474 quod
808 1395 883 1476 ipsa
898 1396 1010 1461 Metza
1033 1395 1129 1462 annis
1146 1393 1284 1480 singulis
1299 1391 1388 1460 infra
1404 1397 1467 1460 duo
1485 1392 1573 1461 festa
1589 1394 1825 1478 assumptionis

171 1511 205 1568 et
232 1500 422 1568 nativitatis
451 1503 549 1566 beate
572 1499 710 1584 virginis
734 1500 841 1566 Maria
865 1501 962 1568 dictis
988 1554 1020 1569 ..
1046 1499 1303 1568 commendatori
1327 1509 1360 1566 et
1384 1553 1417 1570 ..
1443 1500 1605 1568 fratribus
1620 1501 1825 1568 Wetflariam

170 1611 211 1678 ad
241 1627 352 1675 eorum
383 1607 575 1692 manerium
605 1608 658 1675 vel
688 1610 826 1688 domum,
851 1626 946 1688 quam
978 1607 1212 1690 deputaverint
1242 1606 1371 1690 ibidem,
1397 1607 1547 1674 undecim
1577 1609 1698 1674 maltro
1720 1607 1825 1674 tritici

170 1721 203 1782 et
226 1714 367 1799 siliginis
391 1732 542 1781 mensure
555 1713 808 1794 Wetdariensis,
833 1713 1007 1780 cuiuslibet
1023 1711 1153 1790 fructus
1169 1713 1390 1796 medietatem,
1416 1717 1498 1782 duos
1514 1733 1659 1796 ansereS,
1684 1721 1826 1796 quatuor

170 1821 275 1904 pullos
310 1829 344 1887 et
377 1840 477 1887 unum
513 1821 637 1903 pullum
672 1819 980 1902 carnisprivialem⁸
1006 1823 1046 1886 ad
1079 1820 1207 1886 domum
1238 1839 1349 1887 eorum
1378 1821 1604 1888 Sassenhusen
1634 1821 1669 1887 in
1700 1840 1825 1887 omnem

149 1933 322 1996 ¹eventum
346 1927 495 2011 assignet
519 1932 552 1992 et
576 1933 746 2009 presentet
770 1927 837 1992 suis
854 1927 1022 1993 laboribus
1039 1933 1073 1992 et
1089 1927 1241 2008 expensis
1259 1934 1293 1994 et
1309 1930 1348 1994 de
1364 1933 1468 1994 morte
1485 1947 1546 1994 sua
1562 1927 1655 1994 dabit
1671 1927 1825 2008 optimale

168 2035 237 2102 sive
266 2033 383 2102 melius
405 2040 518 2115 caput,
544 2035 629 2114 quod
652 2032 687 2098 in
710 2033 841 2117 vulgari
865 2033 987 2100 dieitur
1010 2034 1259 2116 bestehoubeth,
1285 2042 1319 2100 et
1342 2033 1370 2100 si
1395 2086 1427 2102 ..
1452 2031 1548 2100 liberi
1570 2035 1624 2100 vel
1648 2033 1765 2115 aliquis
1791 2086 1822 2098 ..

133 2143 344 2208 liberorum
374 2139 478 2223 ipsius
502 2140 611 2205 Metze
643 2141 729 2222 apud
758 2137 891 2220 prelata
915 2142 1002 2206 bona
1026 2149 1058 2206 at
1083 2139 1208 2206 curiam
1232 2160 1296 2207 non
1320 2143 1499 2207 manebunt
1523 2160 1581 2206 seu
1604 2160 1737 2207 manere
1760 2161 1825 2206 non

167 2253 323 2330 poterunt
354 2253 430 2328 post
460 2245 582 2312 obitum
612 2245 717 2327 ipsius
737 2247 859 2329 Metuo,
885 2247 915 2314 si
946 2246 1019 2328 ipsa
1041 2247 1153 2312 Metza
1183 2253 1216 2312 et
1247 2249 1408 2327 quondam
1433 2245 1661 2331 Gyselbertus,
1686 2247 1825 2313 maritus

167 2375 254 2437 suus,
280 2353 425 2435 aliquam
449 2352 707 2428 meliorationem
731 2351 882 2419 lecerunt
897 2352 1098 2434 probabilem
1115 2352 1148 2419 in
1166 2352 1257 2419 curia
1273 2352 1343 2420 sive
1359 2353 1458 2438 agris,
1484 2352 1565 2420 dicti
1582 2356 1825 2420 commendator

167 2469 200 2528 et
225 2515 257 2527 ..
284 2459 410 2526 fratres
434 2459 517 2542 ipsis
543 2511 574 2524 ..
600 2459 713 2526 liberis
738 2479 837 2544 super
860 2459 935 2542 ipsa
957 2458 1184 2526 melioratione
1207 2457 1331 2526 facient
1356 2461 1533 2526 secundum
1558 2459 1823 2526 consuetudinem

127 2628 131 2634 .
167 2567 274 2650 patrie
298 2565 498 2650 generalem,
524 2568 610 2647 quod
632 2565 777 2633 virorum
802 2566 981 2643 dictaverit
1000 2566 1173 2632 sentencia
1190 2566 1416 2632 discretorum.
1456 2567 1495 2632 In
1512 2565 1735 2632 testimonium
1752 2586 1825 2649 pre·

166 2675 339 2743 missorum
364 2674 407 2748 ad
431 2679 583 2756 rogatum
607 2672 771 2755 prelibata
787 2673 895 2738 Motae
919 2679 1036 2739 nostra
1059 2672 1170 2755 sigilla
1193 2673 1345 2739 duximus
1369 2671 1579 2755 presentibus
1596 2675 1821 2756 appendenda.

131 2829 135 2834 -
165 2783 286 2850 Actum
311 2787 344 2847 et
370 2781 484 2845 datum
508 2799 594 2846 anno
619 2779 741 2846 domini
763 2781 803 2844 rh.
827 2758 1134 2860 cm.xi(1.,v1⁰11.
1159 2779 1231 2846 idus
1254 2779 1408 2846 ianuarii.

384 2923 430 2986 Or'.
445 2930 533 3000 Ppmt.
571 2930 634 2984 Dos
659 2929 748 3014 Sicpcl
773 2929 819 2984 dea
844 2929 1004 2984 Decborttcn
1031 2929 1166 2983 Heinrich
1191 2930 1277 2998 hdupt
1301 2929 1462 2984 rcrbrochen
1487 2931 1531 2997 ab,
1556 2929 1608 2983 das
1632 2929 1724 2982 meite
1749 2928 1822 2994 fabzr.

439 3019 529 3086 Wicn,
548 3018 995 3074 Dmtecbordcaadeutralarchic.

385 3108 481 3165 Vara:
500 3107 653 3178 Pcttmepp,
672 3108 725 3162 No.
741 3109 802 3163 995.

165 3502 256 3578 161.
284 3510 359 3576 Dus
383 3509 427 3578 st.
442 3509 780 3591 Bartholomocuaattst
803 3511 886 3594 picot
908 3510 964 3573 der
987 3507 1021 3571 F
1020 3478 1206 3590 roukt'urtcr
1222 3507 1389 3592 Biirpertn
1405 3507 1588 3571 irmendrud
1612 3527 1671 3571 oon
1686 3507 1822 3572 Helderc-

164 3629 167 3640 '
282 3619 398 3702 harpen
426 3617 486 3682 das
512 3615 607 3682 Hauc
637 3639 690 3681 om
713 3615 908 3682 Rosscbrilrel
937 3619 970 3680 in
994 3615 1168 3698 Erbpaclnt,
1194 3615 1322 3680 roelcbea
1343 3615 1488 3680 Voltwt'n
1510 3635 1571 3679 oon
1593 3614 1730 3680 Wetalor·
1752 3616 1822 3679 clem

282 3724 379 3805 Slista
402 3725 560 3790 vcrmocht
582 3725 674 3789 botta
723 3729 808 3788 1321
833 3723 965 3789 Joonor
987 3728 1040 3787 26.

274 3883 463 3967 Heynricus
487 3885 631 3949 decanus
655 3888 823 3964 totumque
850 3933 881 3948 ..
908 3882 1086 3964 capitulum
1111 3882 1247 3948 ecclesie
1272 3881 1381 3948 sancti
1403 3879 1627 3947 Bartholomei
1649 3880 1822 3948 Franken-

162 3989 339 4056 fordensis.
387 3989 694 4076 Relloognoscimus
719 3989 846 4071 publice
863 4008 922 4072 per
938 3994 1118 4072 presentes,
1143 3991 1230 4069 quod
1246 3985 1484 4054 communicata
1499 4007 1597 4053 manu
1613 3987 1821 4069 unanimique

162 4107 328 4164 consensu
352 4098 482 4164 domum
505 4093 705 4180 noletramb
731 4103 764 4162 et
780 4095 917 4161 ecclesie
933 4103 1056 4178 nostre,
1082 4095 1179 4162 sitam
1195 4095 1289 4162 iuxta
1305 4090 1520 4177 Rossebdhel,
1546 4113 1642 4176 quam
1660 4098 1821 4176 quondam

161 4203 358 4288 Volgwinus
381 4204 421 4268 de
434 4202 637 4287 Wetflallria
660 4201 754 4268 nobis
778 4209 812 4268 et
835 4202 972 4268 ecclesie
995 4208 1130 4268 nostre⁰
1153 4202 1186 4267 in
1211 4202 1387 4268 remedium
1411 4202 1518 4268 anime
1542 4220 1600 4267 sue
1625 4200 1763 4267 tradidit
1787 4209 1820 4268 et

160 4311 300 4395 legavit,
334 4308 543 4375 Irmenoruoi
575 4308 662 4374 dicte
696 4311 736 4374 de
768 4309 1007 4392 Heldebergen,
1043 4309 1107 4376 civi
1129 4305 1445 4389 Frankcnfordensi,
1479 4313 1514 4373 et
1546 4307 1614 4374 suis
1645 4307 1821 4374 heredibus

159 4415 345 4482 locavimus
376 4421 410 4480 et
440 4414 671 4494 concessimus,
696 4415 840 4480 locamus
871 4422 905 4481 at
935 4415 1143 4481 concedimus
1166 4415 1237 4481 iure
1261 4422 1295 4481 et
1318 4415 1414 4482 titulo
1438 4414 1638 4481 hereditario
1662 4421 1820 4497 perpetuo

130 4532 132 4536 '
159 4522 407 4606 possidendam,
431 4521 482 4587 ita
504 4524 590 4603 quod
614 4521 710 4588 nobis
734 4527 768 4588 et
792 4521 928 4588 ecclesie
952 4529 1064 4588 nostre
1088 4521 1183 4588 annis
1208 4522 1345 4606 singulis
1368 4521 1498 4588 nomine
1522 4521 1623 4588 annui
1646 4539 1764 4587 census
1787 4521 1821 4587 in

158 4627 251 4696 festo
274 4629 365 4694 beati
380 4627 518 4694 Martini
540 4628 701 4712 hyemabo
724 4631 861 4694 tradant
885 4635 919 4694 et
941 4629 1132 4711 persolvant
1157 4633 1197 4696 dc
1221 4631 1334 4695 eadem
1358 4631 1451 4695 domo
1475 4628 1509 4696 in
1526 4647 1652 4695 omnem
1667 4635 1820 4696 eventum

159 4739 275 4803 decem
299 4741 333 4801 et
357 4754 474 4802 novem
497 4734 619 4801 solidos
643 4734 851 4802 denariorum
876 4735 1126 4818 coloniensium,
1152 4735 1258 4802 tribus
1281 4735 1477 4802 balleostbas
1500 4755 1559 4818 pro
1584 4734 1718 4801 denario
1743 4755 1820 4816 quo·

159 4842 246 4928 libet
269 4840 477 4926 computatis.
525 4841 564 4907 In
589 4840 809 4934 testimonium
835 4848 869 4907 et
891 4841 1080 4908 firmitatem
1104 4842 1336 4924 premissorum
1353 4841 1493 4909 omnium
1509 4847 1681 4923 presentes
1697 4839 1820 4907 litteras

160 4947 366 5031 supradictis
389 4947 599 5038 irmendrudi
626 4954 661 5013 et
688 4947 757 5013 suis
783 4999 815 5012 ..
840 4947 1016 5014 heredibus
1040 4947 1237 5015 tradidimus
1261 4947 1361 5031 sigilli
1384 4947 1521 5015 ecclesie
1545 4954 1656 5014 nostre
1680 4943 1820 5013 maiori(l

158 5054 340 5142 munimine
364 5055 549 5122 roboratas.
596 5054 717 5132 Actum
741 5073 827 5119 anno
852 5054 973 5120 domiui
996 5055 1036 5124 rh.
1055 5051 1120 5122 cde.
1143 5056 1249 5137 XXI,
1268 5055 1341 5120 VII.
1364 5054 1525 5121 kalendas
1549 5054 1720 5121 februarii.
1792 5045 1794 5052 ’

380 5213 426 5270 Or.
441 5214 529 5285 Pyrut.
548 5215 599 5268 mit
624 5215 836 5285 obharspervdem,
862 5215 1130 5284 lacbtbacctddiptea
1155 5217 1249 5286 Sicpel.
1287 5213 1551 5280 Ritcltaufschriftcu
1568 5233 1595 5268 u.
1614 5232 1657 5268 o.:
1690 5217 1719 5279 a)
1739 5215 1820 5269 Eudo

431 5307 472 5359 14.
485 5304 583 5359 Jahrb.
592 5323 606 5380 :¹
617 5303 812 5372 „Regietrata:
827 5303 892 5357 Vico
905 5304 995 5358 sancti
1007 5303 1139 5358 Anthonii
1154 5306 1226 5357 circa
1239 5303 1442 5358 liontaneteina
1456 5305 1541 5358 solvit
1553 5303 1603 5357 lll.
1618 5305 1703 5358 libres
1717 5303 1820 5358 hallan-

430 5393 510 5460 sium,
539 5391 572 5446 de
600 5391 699 5460 quibus
727 5392 777 5446 dat
805 5393 971 5448 camerarius
991 5393 1063 5447 XVI.
1084 5393 1203 5458 vicariis,
1233 5393 1346 5447 cuilibet
1364 5393 1411 5446 Xl.
1432 5392 1586 5448 denarios.“
1633 5395 1660 5460 b)
1680 5409 1719 5449 ca.
1735 5398 1820 5450 1410:

431 5480 610 5550 „Ragiatsata
623 5483 737 5536 llartini
756 5481 802 5535 lol.
817 5481 884 5536 Xlll
905 5497 986 5550 snper
1005 5482 1141 5536 looacioue
1161 5481 1256 5552 domus
1276 5482 1443 5552 Lewenberg
1462 5499 1510 5550 pro
1527 5482 1601 5536 Xlll.
1615 5483 1665 5537 sol.
1679 5483 1734 5537 Col.
1749 5487 1818 5538 etc‘·

430 5571 469 5626 st.
483 5567 518 5626 A]
532 5571 584 5626 Fr.
597 5569 697 5626 Barth.
711 5569 750 5626 St.
765 5573 817 5626 No.
831 5573 910 5626 2298.

378 5661 477 5716 Gades
495 5661 540 5730 R,
565 5664 620 5716 456
645 5661 716 5715 auch
733 5660 877 5726 Abaehra'st
902 5661 931 5714 in
950 5661 1266 5731 Bortb.-Stist·Bdcber,
1292 5662 1368 5716 Seria
1387 5661 1407 5716 I
1423 5662 1476 5716 No.
1489 5667 1526 5716 24
1544 5663 1564 5728 f.
1580 5665 1620 5716 13.
1664 5663 1705 5716 St.
1717 5662 1751 5715 A.
1766 5662 1818 5716 Fr.

430 5835 787 5889 apor.:,ccrniabrlvia10m“.
815 5836 840 5890 b)
856 5836 896 5880 Or.
911 5839 1068 5888 ,noootrsmh
1096 5840 1119 5890 c)
1134 5841 1245 5890 ,nootw
1260 5837 1320 5882 siber
1333 5837 1378 5881 der
1392 5837 1465 5883 Zeila.
1492 5838 1516 5890 d)
1532 5837 1580 5882 So!
