4416 6414
815 375 816 378 ¹
844 383 914 442 1316
932 382 1055 440 februar
1073 384 1115 440 22.
1763 383 1806 454 53

148 581 299 666 ipsarum
323 581 525 650 dominarum
549 580 690 667 negotiis
713 581 905 665 prepeditus
928 578 1038 664 fuerit,
1064 581 1182 650 vicarii
1197 581 1379 664 supradicti
1394 588 1488 650 tanto
1505 581 1712 665 frequentius
1728 605 1807 652 suas

149 690 272 757 missas
296 690 463 757 celebrare
487 709 552 755 non
577 689 750 772 desistant,
777 689 846 756 siue
871 696 951 754 nota
973 688 1091 754 missas
1115 688 1262 772 legentes
1287 696 1321 754 et
1335 692 1377 755 ad
1395 691 1528 757 chorum
1545 689 1681 756 ecclesie
1698 691 1810 757 sancti

149 796 376 864 Bartholomei
404 799 588 875 redeuntes
614 796 678 862 nisi
701 795 839 863 forsan.
860 795 1003 879 .prioris
1027 802 1085 862 aut
1109 796 1310 862 dominarum
1335 796 1487 879 precibus
1510 795 1635 863 inducti
1660 803 1805 881 tempore

148 904 388 970 necessitatis·
418 903 678 985 quandoquidem
710 903 829 970 missas
862 923 940 969 suas
973 922 1044 969 eum
1077 909 1157 969 nota
1189 911 1380 985 presumant
1413 905 1580 971 celebrare
1614 912 1647 971 et
1678 906 1740 970 hoc
1772 904 1806 970 in

147 1010 298 1093 ipsorum
327 1011 433 1076 libera
463 1009 624 1077 consistat
648 1011 828 1077 voluntate.
882 1009 1037 1077 Similiter
1061 1009 1188 1076 domine
1213 1011 1402 1092 supradicte
1427 1031 1447 1077 a
1471 1011 1648 1093 sepedictis
1670 1011 1806 1079 vicariis

148 1117 183 1183 in
209 1118 360 1184 absentia
382 1116 502 1199 prioris
526 1137 591 1184 non
616 1117 908 1214 debentucoerceri,
934 1124 971 1183 ut
987 1116 1034 1183 eis
1051 1119 1218 1199 prebenda
1234 1117 1353 1200 prioris
1369 1117 1585 1204 ministretur,
1612 1119 1804 1202 allegantes,

149 1228 239 1306 quod
263 1225 333 1291 loco
358 1225 477 1308 prioris
498 1225 617 1292 missas
641 1227 783 1292 debeant
807 1226 994 1306 decantare,
1021 1231 1054 1290 et
1071 1226 1111 1290 ob
1128 1225 1212 1291 banc
1229 1243 1363 1291 causam
1379 1243 1440 1290 sua
1456 1228 1598 1292 debeant
1616 1223 1805 1308 prebendab

148 1332 314 1414 recreari;
333 1333 506 1414 presertim
521 1332 621 1399 istam
638 1331 782 1400 avaricie
799 1329 1041 1398 deformitatem
1057 1331 1275 1414 prohibemus,
1292 1332 1441 1399 volentes
1452 1331 1542 1414 ipsos
1555 1331 1719 1398 vicarios⁰
1739 1332 1807 1399 suis

148 1440 326 1522 stipendiis
349 1439 547 1522 contentari,
574 1447 608 1506 et
630 1459 695 1506 non
718 1439 811 1522 ipsas
834 1438 982 1505 dominas
997 1437 1183 1520 inportunis
1199 1437 1414 1520 petitionibus
1430 1438 1669 1520 quomodolibet
1687 1459 1807 1524 aggra-

148 1547 237 1613 vari.
283 1548 443 1614 Preterea
465 1566 525 1612 nos
549 1547 759 1614 manufideles
784 1545 966 1629 supradicti
990 1545 1187 1612 declarando
1212 1545 1437 1630 subiungimus
1461 1545 1609 1612 volentes
1633 1545 1807 1613 inviolabi-

148 1651 250 1720 literd
272 1654 453 1736 observari,
479 1657 564 1736 quod
587 1654 695 1720 nullus
720 1654 921 1735 prelatorum
945 1653 1149 1719 dominarum
1173 1651 1396 1735 predictarum
1420 1659 1454 1718 et
1470 1653 1595 1719 ordinis
1612 1653 1805 1736 supradicti,

149 1762 373 1842 cuiuscunque
403 1759 505 1827 fuerit
535 1767 645 1828 status
676 1766 734 1826 aut
764 1751 951 1840 eminentie,
984 1758 1194 1842 supradictas
1223 1759 1369 1826 vicarias
1401 1759 1448 1825 sic
1473 1760 1621 1842 anobis
1653 1762 1806 1842 quemad-

148 1871 280 1934 modum
312 1868 433 1935 dietum
458 1873 509 1934 est
532 1867 692 1950 superius,
717 1865 889 1932 institutas
913 1863 1063 1932 conferre
1087 1865 1229 1948 debebit,
1254 1865 1404 1946 quamvis
1427 1865 1497 1947 ipse
1522 1866 1649 1933 domine
1674 1868 1713 1932 de
1737 1868 1806 1933 suis

148 1975 364 2056 pensionibus
398 1974 576 2040 videantur
613 1973 735 2054 aliquid
772 1971 954 2053 addidisse,
991 1992 1049 2054 per
1083 1973 1144 2038 hoc
1179 1992 1305 2038 omnem
1340 1972 1567 2038 altercationis
1601 1982 1635 2039 et
1670 1975 1806 2059 zyzanie

147 2082 325 2148 materiam
348 2082 517 2164 cupientes
541 2081 713 2147 resarcire.
754 2081 856 2146 Porro
881 2081 1024 2145 decanus
1048 2086 1082 2144 et
1099 2078 1278 2160 capitulum
1296 2079 1434 2146 ecclesia
1451 2078 1650 2163 supradicte,
1676 2084 1805 2162 quando

149 2189 204 2254 vel
228 2189 511 2270 quocienscunque
536 2188 646 2269 aliqua
669 2187 868 2254 vicariarum
885 2185 1107 2267 predictarum
1122 2186 1251 2252 domino
1268 2186 1462 2269 disponente
1477 2207 1599 2255 vacare
1616 2187 1804 2272 contigerit,

146 2296 255 2377 ipsam
280 2295 461 2362 vicariam⁰
489 2295 535 2360 sic
559 2301 734 2362 vacantem
757 2311 897 2375 persone
917 2295 1054 2375 ydonee,
1072 2291 1143 2358 vita
1160 2299 1193 2358 et
1209 2292 1459 2360 conversatione
1475 2293 1643 2376 laudabili,
1661 2295 1805 2362 discreto

148 2411 183 2468 et
208 2409 348 2484 maturo,
374 2421 501 2468 necnon
526 2409 602 2468 actu
627 2399 803 2480 sacerdoti,
830 2398 980 2466 conferre
1004 2401 1170 2465 debebunt
1193 2420 1274 2482 pure
1291 2408 1324 2466 et
1340 2400 1532 2482 simpliciter
1548 2407 1683 2482 propter
1700 2405 1803 2468 deum.

150 2510 186 2574 Si
218 2529 297 2576 vero
329 2528 424 2575 secus
448 2507 550 2574 fuerit
574 2513 806 2589 attemptatum
832 2508 872 2572 ab
898 2505 979 2588 ipsis
1003 2505 1141 2586 dominis
1164 2505 1199 2571 in
1223 2507 1386 2573 dictarum
1409 2508 1609 2575 vicariorum
1633 2507 1806 2576 collatione

148 2637 249 2698 qnam
274 2614 380 2682 forma
403 2615 588 2682 collationis
611 2614 798 2698 prescripta
822 2614 989 2680 contineat
1013 2635 1033 2680 a
1057 2613 1151 2680 nobis
1167 2614 1331 2695 instituta,
1357 2615 1484 2680 domine
1502 2615 1690 2696 supradicte
1706 2615 1806 2682 talem

148 2723 359 2790 collationem
397 2723 613 2805 inprobantes
651 2727 790 2804 possunt
827 2721 921 2802 ipso⁰
956 2719 1045 2786 facto
1086 2722 1275 2790 reclamare.
1333 2721 1524 2788 Addicimus
1560 2728 1712 2803 preterea
1746 2742 1806 2789 nos

147 2830 363 2906 manufideles
388 2829 585 2912 supradicti,
611 2832 696 2911 quod
720 2828 828 2893 nullus
852 2827 1072 2910 predictorum
1096 2827 1292 2894 vicariorum
1317 2826 1578 2894 confessionibus
1602 2827 1806 2896 dominarum

149 2937 375 3018 predictarum
399 2939 497 3002 debet
521 2935 668 3019 allegari,
694 2933 757 3000 nisi
782 2934 934 3016 precibus
959 2940 992 3000 et
1014 2932 1105 3000 iussu
1130 2933 1248 3016 prioris
1273 2954 1329 3000 seu
1353 2935 1488 3002 licentia
1509 2941 1675 3016 tempore⁶
1694 2955 1806 3003 neces-

149 3043 286 3109 sitatis⁰
316 3043 522 3110 admittatur.
582 3043 667 3109 Item
702 3041 899 3108 consulendo
934 3041 1118 3107 fidelissime
1155 3041 1311 3123 predictis
1345 3041 1544 3108 vinariarum
1579 3043 1805 3110 sacerdotibus

150 3149 305 3216 sollerter
328 3149 521 3230 inhibemus
546 3148 661 3232 nequis
684 3145 849 3230 ipsorumt
870 3147 1077 3214 inbecillitati
1101 3167 1158 3214 sue
1183 3149 1355 3215 consulens
1372 3150 1552 3229 claustrum
1568 3149 1622 3216 vel
1638 3150 1805 3217 cenobium

150 3256 223 3322 sive
253 3257 440 3323 mansiones
470 3258 523 3322 vel
554 3255 698 3322 officinas
726 3275 783 3321 seu
807 3255 1051 3336 quibuscunque
1075 3255 1260 3322 nominibus
1285 3262 1482 3323 censeantur
1506 3257 1708 3324 dominarum
1733 3277 1806 3339 pre-

151 3363 318 3429 dictarum
354 3363 547 3429 habitacula
584 3363 654 3429 sine
692 3362 871 3443 superioris
908 3361 1054 3444 ipsarum
1087 3362 1234 3444 licencia,
1267 3363 1358 3429 cuius
1390 3363 1530 3430 interest
1562 3367 1651 3446 dare,
1677 3366 1804 3446 subeat,

149 3470 396 3537 strictissimum
420 3473 609 3536 mandatum
634 3489 719 3550 pape
743 3466 907 3534 Bonifaoii
930 3469 1041 3536 octavi
1065 3469 1303 3536 contumaciter
1325 3472 1518 3552 respuendo,
1544 3471 1600 3537 sed
1621 3471 1725 3554 magis
1742 3471 1807 3536 sibi

149 3584 273 3646 caveat
296 3584 463 3658 tamquam
486 3578 591 3642 bonus
612 3575 766 3644 obediens
783 3596 900 3657 penam
917 3579 1097 3658 evadendo,
1116 3583 1149 3642 et
1166 3597 1205 3642 ne
1222 3575 1338 3658 puellis
1354 3576 1435 3658 ipsis
1452 3575 1597 3643 fomitem
1614 3577 1807 3644 lasciviendi

149 3704 209 3750 seu
233 3684 379 3751 libidinis
404 3686 551 3767 prebeat,
576 3702 637 3764 que
662 3685 839 3749 seeundum
861 3682 1007 3764 ipsarum
1023 3682 1171 3766 regulam
1187 3689 1220 3749 et
1236 3682 1307 3749 voti
1323 3683 1524 3766 exigentiam
1541 3703 1669 3765 semper
1685 3686 1806 3751 debent

148 3791 296 3857 existere
333 3793 393 3857 sub
428 3789 578 3856 custodia
610 3787 795 3872 castitatis⁷
830 3796 990 3870 quatenus
1023 3788 1070 3854 sic
1104 3791 1145 3854 ab
1179 3789 1264 3855 omni
1298 3789 1450 3873 dyaboli⁰
1486 3790 1672 3872 spurciciag
1704 3791 1805 3857 libere
1885 3855 1889 3863 ,

149 3894 369 3981 fragrantesh
396 3900 481 3963 dono
512 3895 905 3978 continentia-karitatis
934 3895 969 3961 in
1000 3897 1118 3962 ardore
1148 3895 1181 3961 in
1212 3915 1248 3962 se
1278 3896 1539 3978 contemplentur
1563 3897 1671 3962 lumen
1696 3898 1805 3966 divine

149 4004 326 4070 claritatis.
375 4005 516 4085 Insuper
547 4002 753 4086 adiungimus
780 4002 990 4085 supradictis,
1016 4005 1101 4084 quod
1125 4001 1243 4085 vicarii
1266 4003 1451 4086 sepedicti,⁰
1475 4003 1656 4085 quicunque
1681 4003 1806 4071 fuerint

149 4130 210 4192 pro
252 4117 415 4193 tempore,
453 4109 571 4176 missas
608 4128 686 4196 suas
726 4109 861 4176 cottidie
901 4110 935 4176 in
970 4110 1111 4176 ecclesia
1145 4109 1347 4176 dominarum
1383 4109 1605 4191 predictarum
1640 4113 1806 4178 debebunt

148 4219 337 4300 celebrare,
369 4217 433 4283 nisi
467 4216 666 4284 necessitate
702 4215 914 4299 compellente
950 4223 984 4282 et
1014 4236 1115 4282 causa
1146 4215 1336 4283 rationabili
1366 4220 1580 4299 supersedere
1612 4221 1804 4299 quandoque

147 4325 297 4406 valeant,
323 4345 381 4406 per
405 4343 502 4406 quam
526 4343 636 4390 coram
660 4323 787 4389 domino
812 4329 845 4389 et
869 4342 927 4390 suo
952 4327 1075 4390 decano
1100 4323 1186 4390 omni
1202 4323 1272 4389 sine
1289 4324 1444 4390 scandalo
1462 4323 1626 4405 quiverint
1643 4325 1803 4408 excusari,

148 4432 298 4514 alioquin
329 4431 358 4496 si
387 4430 506 4496 missas
537 4449 615 4496 suas
645 4430 852 4514 negligenter
882 4430 978 4496 nimis
1009 4430 1166 4512 dicerent,
1192 4429 1256 4495 nisi
1286 4429 1519 4512 resipiscerent
1549 4431 1724 4512 premoniti
1747 4452 1805 4514 per

148 4536 543 4620 dominassupradictas,
569 4536 761 4602 dominabus
785 4537 1020 4619 querimoniam
1044 4540 1083 4603 de
1107 4537 1188 4619 ipsis
1212 4536 1345 4604 vicariis
1363 4590 1368 4601 .
1385 4592 1391 4604 .
1409 4540 1532 4603 decano
1558 4544 1590 4603 et
1615 4539 1804 4621 supradicto

148 4645 296 4728 capitulo
328 4648 368 4710 de
399 4643 607 4728 negligencia
636 4643 811 4710 missarum
841 4642 1049 4725 facientibus,
1076 4644 1166 4725 ipsos
1196 4643 1338 4710 vicarios
1366 4644 1420 4711 vel
1443 4644 1581 4710 alterum
1605 4663 1725 4727 eorum,
1750 4646 1806 4726 qui

148 4752 322 4836 negligens
347 4751 514 4832 existeret,
547 4753 690 4817 decanus
715 4755 748 4816 et
772 4750 952 4832 capitulum
976 4750 1200 4833 supradictum
1225 4753 1402 4816 secundum
1426 4748 1564 4818 formam
1587 4751 1805 4818 institutionis

147 4866 265 4926 nostre
296 4862 336 4925 de
365 4857 531 4924 beneficiis
562 4857 763 4939 supradictis
793 4864 929 4939 possent
959 4864 992 4924 et
1016 4859 1173 4924 deberent
1198 4863 1390 4923 constanter
1414 4876 1575 4925 amovere.
1623 4859 1669 4924 Ut
1693 4866 1802 4926 autem

148 4966 262 5032 omnia
291 4964 521 5048 suprascripta
550 4963 584 5030 in
618 4983 676 5030 suo
706 4963 777 5047 iugi
806 4972 1023 5046 permaneant
1052 4966 1185 5046 robore,
1218 4964 1397 5048 sigillorum
1428 4965 1627 5047 munimine,
1649 4966 1811 5056 videlicet

147 5074 372 5156 plebanatus⁶
403 5070 734 5136 Frankenvordensis
770 5090 811 5136 ex
846 5076 943 5152 parte
978 5071 1098 5138 domini
1127 5070 1298 5137 Bartholdi
1330 5071 1512 5154 supradicti
1543 5079 1577 5137 et
1606 5079 1802 5156 nostrorum,

147 5179 279 5246 scilicet
302 5177 437 5244 Gerlaci
467 5183 501 5242 et
524 5175 672 5242 Heinrioi
695 5177 958 5258 supradictorum
982 5177 1233 5260 manufidelium,
1260 5195 1394 5258 presens
1420 5177 1577 5259 scriptum
1601 5179 1804 5246 decrevimus

147 5284 312 5352 roborari.
362 5285 485 5350 Datum
510 5301 595 5349 anuo
619 5281 740 5349 domini
763 5284 803 5348 riv.
827 5282 893 5350 cdo.
919 5263 1022 5362 XV⁰I.,
1047 5283 1082 5350 in
1104 5285 1248 5350 katedra
1271 5283 1379 5350 sancti
1401 5284 1502 5351 Petri.

369 5399 414 5454 Or.
430 5398 517 5470 Ppmt.
561 5397 734 5469 Aobdapead
757 5402 786 5462 1)
806 5399 1009 5468 Psarrea'siepel,
1034 5401 1064 5462 2)
1084 5399 1135 5452 das
1153 5398 1240 5469 Siepel
1260 5397 1396 5468 Gerlacha,
1424 5403 1454 5466 3)
1474 5400 1525 5454 dae
1543 5399 1631 5468 Siepet
1649 5401 1804 5455 Heinriclrs.

419 5487 459 5542 st.
473 5487 506 5540 A.
522 5487 572 5542 Fr.
588 5487 885 5554 Werasfraueukloster,
905 5488 984 5542 Lade
1003 5491 1038 5540 16
1056 5487 1109 5542 No.
1122 5490 1148 5540 2.

366 5577 466 5632 Geda:
483 5575 663 5644 Wrtrdtwer'u,
683 5577 776 5630 Diues.
792 5577 859 5645 Mop
868 5618 876 5645 ,
896 5577 939 5645 Π,
959 5579 1011 5632 796
1029 5577 1102 5630 acela
1121 5577 1318 5646 Traaasumpt5
1335 5577 1379 5644 B,
1399 5579 1618 5633 deaurandam
1640 5578 1685 5632 Or.
1706 5621 1711 5631 .

366 5667 518 5720 Erwdhut:
536 5666 664 5733 Lersuer,
684 5663 743 5733 Ill,
761 5670 804 5721 87.

418 5763 443 5814 s)
457 5761 598 5805 DieWorte
612 5761 914 5815 ‚prioris-neeessitnust
928 5725 1013 5805 steten
1033 5760 1092 5804 siber
1112 5760 1203 5805 Rasur.
1237 5761 1263 5816 b)
1279 5762 1373 5806 Ederae
1394 5763 1603 5816 „at-prebendae
1638 5765 1660 5812 o)
1678 5751 1740 5806 Uber
1761 5761 1805 5806 der

365 5832 493 5877 Zetlenon
506 5833 612 5877 anderer
625 5832 709 5876 Hand.
744 5833 769 5886 d)
785 5833 825 5878 Or.
841 5832 1069 5886 ,lnuloalsblllter·.
1104 5835 1126 5885 o)
1142 5832 1230 5876 Rostra
1260 5833 1280 5884 l)
1298 5825 1360 5878 Uber
1374 5835 1418 5878 der
1432 5834 1505 5879 Zeita
1532 5841 1558 5887 g)
1574 5835 1609 5877 Or
1632 5833 1804 5888 ¹‚aupuroiois·.

363 5904 390 5960 h)
406 5903 447 5949 Or.
462 5903 635 5959 ,fragrantem
