4414 6402
891 324 960 380 1318
978 323 1035 380 hai
1055 323 1096 378 18.
1773 324 1814 388 91

168 521 300 607 Georgii
330 523 555 606 predictorum
585 523 620 588 in
650 520 736 588 festo
768 522 949 604 palmarum
981 541 1060 611 cum
1083 521 1292 604 processione
1322 539 1383 586 sua
1406 523 1449 587 ad
1473 521 1646 600 ecclesiam
1670 529 1815 588 nostram

166 629 366 712 pervenient,
400 633 570 696 dummodo
603 649 685 695 aure
716 635 749 694 et
778 629 888 695 lutosa
917 628 972 696 via
1002 647 1066 695 non
1086 627 1274 709 obsistant,
1297 647 1406 694 ramos
1437 627 1619 709 palmarum
1649 628 1818 695 nobiseum

165 737 377 818 benedicturi,
404 745 437 803 et
468 745 697 803 extramuros
723 736 869 803 civitatis
893 734 1043 802 similiter
1067 735 1236 801 nobiscum
1261 735 1397 802 exibunt
1418 734 1452 800 in
1476 735 1601 818 campis
1623 735 1718 802 iuxta
1741 756 1818 802 cou-

165 845 368 910 suetudinem
398 845 582 926 palmarum
613 843 751 910 officium
781 843 1024 925 sollempnitate
1055 861 1121 924 qua
1151 845 1307 909 coudecet
1339 843 1515 926 peracturi.
1564 842 1677 910 Officio
1707 849 1818 909 autem

165 951 345 1032 palmarum
370 953 506 1032 peraeto
530 954 675 1016 decanus
699 958 732 1016 et
757 950 936 1032 capitulum
953 948 1114 1016 antedicti
1129 951 1171 1014 ad
1188 968 1281 1015 suam
1298 949 1469 1016 ecclesiam
1486 956 1519 1016 et
1535 969 1594 1016 nos
1611 953 1653 1017 ad
1669 957 1817 1017 nostram

165 1077 234 1122 cum
267 1057 532 1140 processionibus
562 1057 714 1124 hincinde
746 1055 915 1138 dispositis
946 1061 1159 1136 revertemur,
1191 1063 1229 1122 ut
1258 1056 1292 1122 in
1323 1063 1463 1138 utraque
1495 1056 1634 1124 ecclesia
1664 1056 1734 1140 ipso
1766 1057 1818 1124 die

163 1165 336 1230 missarum
360 1165 555 1246 sollempnia
578 1163 732 1231 devocius
750 1164 966 1230 celebrentur.
1006 1163 1045 1227 In
1062 1160 1148 1228 festo
1166 1161 1393 1229 nichilominus
1410 1163 1630 1247 rogacionum,
1647 1164 1818 1246 utriusque

163 1271 294 1352 letanie,
319 1272 453 1338 maioris
476 1270 630 1338 videlicet
654 1278 686 1338 et
710 1271 853 1352 minoris,
880 1278 913 1336 et
936 1269 969 1335 in
994 1268 1196 1336 stacionibus
1212 1269 1343 1352 votivis,
1370 1270 1398 1336 si
1414 1289 1496 1352 quas
1513 1269 1687 1352 aliquando
1703 1272 1819 1339 haberi

164 1378 350 1462 contigerit,
375 1379 495 1446 iidem⁸
520 1381 664 1445 decanus
688 1386 722 1445 et
746 1377 924 1461 capitulum
948 1397 1021 1444 cum
1045 1377 1253 1458 processione
1277 1384 1310 1443 et
1333 1377 1481 1460 reliquiis
1505 1377 1572 1444 suis
1596 1381 1638 1444 ad
1662 1399 1721 1446 nos
1745 1399 1819 1462 per·

164 1484 313 1568 voment,
346 1487 431 1552 tales
467 1486 632 1552 staciones
667 1485 835 1552 nobiscum
870 1484 1046 1552 devocione
1081 1503 1147 1566 qua
1177 1483 1328 1567 congruit
1359 1491 1573 1566 exequentes:
1605 1485 1677 1551 Hoc
1708 1493 1818 1553 tamen

163 1593 350 1672 observato,
376 1596 461 1674 quod
485 1592 630 1659 decanus
654 1600 688 1658 et
711 1593 890 1674 capitulum
915 1591 1074 1658 antedicti
1097 1591 1131 1656 in
1154 1589 1270 1674 vigilia
1286 1591 1489 1658 ascensionis
1505 1591 1626 1658 domini
1642 1595 1819 1660 adventum

163 1699 385 1780 processionis
420 1706 452 1766 et
488 1699 699 1781 reliquiarum
735 1706 924 1766 nostrarum
957 1699 992 1764 in
1023 1696 1162 1763 ecclesia
1193 1716 1253 1764 sua
1283 1699 1554 1780 prestolabuntur
1585 1706 1619 1764 et
1650 1699 1819 1766 nobiscum

163 1804 301 1887 proinde
332 1809 374 1872 ad
405 1806 577 1873 ecclesiam
600 1806 810 1872 Penitentum
840 1805 1039 1885 transibunt,
1065 1811 1102 1869 ut
1130 1804 1165 1869 in
1196 1807 1308 1871 eadem
1340 1805 1479 1872 ecclesia
1508 1805 1579 1889 ipso
1604 1805 1657 1872 die
1681 1806 1819 1873 officium

162 1913 261 1979 misse
290 1914 417 1996 pariter
440 1933 648 1998 peragamus,
674 1933 736 1995 quo
762 1909 945 1995 correpletob
969 1911 1031 1994 ipsi
1058 1930 1129 1977 cum
1153 1910 1361 1993 processione
1385 1914 1427 1978 ad
1452 1912 1622 1980 ecclesiam
1645 1931 1737 1980 suam
1761 1933 1819 1995 per

162 2021 261 2102 viem,
283 2040 381 2102 quam
396 2020 570 2103 voluerint,
596 2026 817 2088 revertentur.
864 2020 966 2086 Porro
984 2038 1055 2085 cum
1072 2017 1255 2084 huiusmodi
1271 2019 1497 2100 processiones
1512 2019 1652 2086 invicem
1667 2021 1820 2086 habueri-

162 2147 243 2208 muS,
270 2128 416 2194 scolares
441 2127 633 2208 scolaribus
660 2126 740 2193 socii
763 2125 870 2208 sociis,
896 2124 1046 2192 canonici
1065 2117 1241 2206 canonicis,
1267 2131 1301 2191 et
1317 2125 1439 2207 prelati
1455 2125 1592 2207 prelatis
1607 2133 1820 2209 utrarumque

162 2234 379 2300 ecclesiarum
409 2233 618 2300 uniformiter
644 2233 877 2302 miscebuntur.
925 2233 964 2298 In
988 2231 1074 2298 festo
1099 2232 1249 2298 similiter
1272 2240 1384 2298 nostre
1409 2231 1629 2300 dedicationis
1653 2241 1686 2301 et
1710 2235 1743 2300 in
1768 2234 1820 2301 die

162 2341 256 2407 beati
285 2341 510 2408 Bartholomei
541 2339 692 2423 apostoli,
725 2339 861 2406 ecclesie
893 2347 1005 2406 nostre
1035 2339 1176 2422 patroni,
1208 2338 1272 2422 ipsi
1302 2338 1472 2406 nobiscum
1502 2346 1608 2420 erunt,
1633 2347 1667 2407 et
1697 2361 1757 2409 nos
1786 2341 1820 2407 in

160 2446 250 2514 festo
282 2447 505 2515 dedicacionis
536 2467 594 2512 sue
625 2454 658 2513 et
687 2447 722 2513 in
753 2447 805 2513 die
836 2446 1074 2530 assumpcionis
1104 2448 1202 2512 beate
1226 2442 1331 2511 Marie
1362 2445 1509 2530 virginis
1542 2467 1653 2513 eorum
1684 2448 1820 2515 ecclesie
1927 2477 1929 2485 ,

161 2562 320 2636 patrone,
351 2574 424 2620 cum
455 2554 535 2637 ipsis
567 2545 687 2621 erimus
719 2573 912 2636 econverso,
944 2550 1033 2620 festa
1062 2552 1246 2620 huiusmodi
1276 2572 1346 2618 cum
1379 2552 1620 2637 sollempnitate
1649 2574 1714 2636 qua
1744 2575 1820 2622 con-

160 2661 254 2729 venit
277 2662 455 2728 honorifice
480 2661 696 2729 celebrantes.
750 2659 784 2726 Si
807 2668 918 2727 autem
939 2659 1080 2741 aliquem
1107 2659 1338 2726 canonicorum
1367 2658 1419 2727 vel
1446 2659 1606 2728 sociorum
1634 2668 1820 2729 nostrorum

162 2769 321 2852 sepeliri⁰
347 2767 534 2852 contigerit,
565 2767 638 2850 ipsi,
670 2774 708 2833 ut
738 2767 939 2850 sepedictum
970 2774 1032 2850 est,
1058 2786 1130 2832 cum
1161 2766 1369 2848 processione
1400 2767 1442 2832 ad
1473 2767 1643 2835 ecclesiam
1673 2777 1822 2836 nostram

161 2875 341 2941 devenient
364 2894 432 2941 una
456 2875 626 2941 nobiscum
651 2874 727 2941 talis
753 2873 902 2941 canonici
926 2873 995 2941 sive
1020 2873 1100 2940 socii
1123 2870 1270 2938 defuncti
1295 2873 1450 2956 exequias
1475 2875 1652 2958 peracturi,
1678 2880 1764 2958 quod
1787 2883 1821 2944 et

161 2982 247 3066 ipsis
276 2981 312 3056 lu
343 3002 422 3048 casu
450 2981 549 3048 simili
572 2981 763 3063 obsequium
787 2980 1008 3063 prestabimus
1032 2980 1212 3047 viceversa.
1259 2980 1330 3063 Ipsi
1353 3001 1480 3062 quoque
1504 2985 1649 3048 decanus
1673 2992 1707 3049 et
1731 2983 1820 3065 capi-

161 3090 268 3156 tulum
293 3089 430 3156 ecclesie
454 3097 632 3156 memorate
657 3089 879 3172 pulsacionem
903 3087 1139 3155 matutinarum
1165 3096 1197 3154 et
1222 3106 1434 3169 vesperarum
1459 3088 1595 3154 ecclesie
1619 3095 1731 3156 nostre
1755 3110 1820 3156 non

161 3197 370 3282 prevenient,
395 3197 458 3263 nisi
489 3197 647 3280 specialia
677 3195 766 3263 festa
795 3195 972 3262 habuerint
1003 3202 1035 3261 et
1059 3195 1122 3261 nisi
1146 3193 1391 3277 campanarium
1415 3194 1553 3261 alterius
1577 3197 1714 3262 ecclesie
1738 3217 1821 3264 aura

162 3303 335 3371 contraria
359 3310 417 3371 aut
440 3310 612 3372 ventorum
637 3303 778 3386 strepitu
803 3303 945 3369 forsitan
971 3298 1200 3386 contingeret‘¹
1223 3301 1385 3383 impediri.
1432 3301 1607 3368 Adiectum
1631 3311 1682 3370 est
1707 3304 1819 3388 eciam,
1926 3300 1936 3322 '

163 3414 252 3492 quod
285 3418 432 3478 rectores
465 3411 639 3478 scolarium
673 3418 705 3477 et
738 3429 878 3493 persone
911 3409 1123 3476 ecclesiarum
1153 3416 1366 3490 utrarumque
1397 3408 1518 3474 nullum
1549 3430 1721 3477 rancorem
1751 3411 1820 3480 sive

161 3517 288 3586 invidie
311 3515 458 3585 fomitem
482 3517 667 3585 adinvicem
691 3519 901 3599 exercebunt,
927 3519 984 3582 sed
1008 3517 1113 3599 magis
1137 3517 1259 3583 honore
1275 3536 1310 3582 se
1328 3535 1471 3600 congruo
1488 3523 1599 3584 mutuo
1616 3518 1820 3600 prevenieut,

162 3631 204 3690 ut
233 3630 399 3691 tenentur.
447 3626 494 3692 Ut
525 3631 634 3691 autem
664 3625 724 3690 hec
755 3623 922 3691 ordinacio
951 3623 1120 3690 internos
1144 3625 1238 3690 firma
1262 3631 1295 3690 et
1318 3622 1592 3690 incommutabilis
1616 3633 1819 3707 permaneat,

164 3738 339 3814 presentes
377 3731 531 3798 hincinde
571 3731 717 3798 dedimus
755 3731 887 3798 litteras
927 3730 1106 3814 sigillorum
1146 3737 1359 3813 utrarumque
1399 3731 1610 3799 ecclesiarum
1645 3731 1821 3798 munimine

164 3839 353 3908 roboratas.
400 3838 445 3903 Et
469 3857 530 3904 nos
554 3841 698 3904 decanus
723 3845 757 3904 et
780 3837 959 3919 capitulum
983 3836 1120 3904 ecclesie
1143 3845 1258 3904 sancte
1282 3837 1387 3904 Marie
1412 3858 1450 3905 ac
1474 3839 1565 3906 beati
1589 3838 1725 3923 Georgii
1747 3858 1821 3922 pre-

164 3945 330 4012 dictorum
354 3964 426 4011 eum
450 3944 651 4028 appensione
668 3945 803 4011 ecclesie
820 3951 932 4012 nostre
949 3943 1048 4028 sigilli
1063 3944 1171 4028 omnia
1187 3949 1221 4010 et
1236 3944 1367 4028 singula
1383 3944 1543 4028 premissa
1557 3946 1821 4029 recognoscimus

164 4071 242 4120 esse
263 4071 354 4120 vera.
402 4052 525 4120 Datum
549 4071 634 4118 anno
659 4051 781 4118 domini
804 4052 844 4117 rh.
868 4047 933 4117 cic.
959 4030 1194 4134 xvi11.,11i1.
1216 4070 1321 4118 nonas
1344 4051 1431 4119 maii.

383 4230 464 4284 Noelr
485 4230 668 4300 Tramaumpt
687 4247 739 4285 eoa
758 4233 828 4284 1318
847 4230 954 4302 Aequst
972 4233 1015 4284 30.
1053 4229 1091 4285 St.
1104 4231 1139 4283 A.
1154 4229 1205 4284 Fr.
1218 4229 1449 4296 Learchum-Stin
1467 4229 1521 4285 No.
1535 4233 1595 4286 568.

240 4385 245 4399 ,
331 4349 334 4356 “
383 4337 481 4392 Goda:
507 4337 551 4403 B,
577 4340 639 4405 440,
664 4338 734 4392 acet
756 4337 937 4408 Trarrecumpt
959 4337 1018 4391 aad
1036 4338 1220 4408 Bestdtiptmp
1238 4338 1284 4392 des
1302 4337 1481 4403 Erabischofs
1499 4337 1626 4391 Molbiae
1643 4355 1696 4392 ron
1714 4337 1821 4406 Maiae,

436 4426 462 4479 d.
477 4425 503 4480 d.
516 4426 742 4497 Amboffcolnerp,
762 4430 833 4482 1322
850 4426 963 4482 Jonaor
980 4429 1019 4480 28
1036 4427 1099 4497 (opi.
1112 4432 1196 4481 auten
1216 4427 1257 4480 bei
1275 4427 1372 4481 diesem
1391 4427 1518 4490 Datum).

162 4980 233 5057 98.
258 4989 412 5055 Heteelrbr
441 5011 501 5054 oon
524 4989 686 5070 Berstcrlt,
711 4989 1077 5056 draconta-Komenoi·
1106 5012 1147 5056 eo
1171 4987 1355 5072 Frcnlcfurt
1377 4989 1443 5055 orori
1468 4988 1640 5074 Prr'iceptor
1662 4989 1718 5056 efer
1740 4993 1821 5056 mut-

207 5153 212 5162 .
255 5099 341 5162 terea
362 5097 470 5162 Boller'
493 5095 636 5182 (,frater
657 5096 864 5164 Hetzekinus
888 5100 927 5164 de
948 5099 1101 5178 Berstad,
1127 5099 1369 5162 commendator
1392 5117 1486 5164 sacre
1512 5101 1626 5164 domus
1650 5098 1821 5180 hospitalis

256 5203 367 5270 sancti
390 5203 552 5270 iohannis
576 5204 763 5270 Jerusalem
792 5203 826 5270 iu
850 5201 1070 5286 Franekford,
1096 5223 1222 5269 necnon
1254 5223 1312 5285 per
1335 5204 1474 5270 mediam
1497 5205 1654 5271 bainliam
1677 5205 1821 5271 eiusdem

256 5313 372 5376 domus
402 5311 614 5398 praeoptem)
644 5312 835 5378 bcrrrlrrrrrdet
865 5317 932 5377 cirre
960 5313 1147 5396 Solrerrlccrrp
1178 5311 1236 5392 fiir
1265 5313 1326 5376 dere
1354 5312 1605 5396 Johorrrrr'terlrof
1631 5317 1666 5376 irc
1695 5313 1819 5396 Speper.

257 5423 347 5483 1318
370 5417 444 5483 Mai
468 5424 511 5483 18
534 5416 646 5520 (ferd
670 5439 699 5484 a.
722 5421 804 5486 dom.
828 5419 991 5503 Cantate).

386 5595 485 5650 deda:
502 5595 637 5666 Remle'rrp,
659 5597 813 5651 Geeehiobto
831 5596 880 5650 der
897 5597 1027 5661 Bischdse
1046 5613 1098 5650 oon
1116 5596 1226 5665 Speycr,
1246 5596 1271 5663 1,
1291 5600 1352 5651 489,

443 5833 578 5878 Varianterr
591 5847 636 5877 nore
650 5834 856 5892 Leonlrard·Sttft
869 5835 985 5879 Now:
1005 5841 1029 5884 a)
1044 5835 1140 5888 „idcm‘·.
1177 5837 1201 5889 h)
1216 5837 1364 5892 „conpleto“.
1399 5844 1420 5884 c)
1435 5835 1576 5892 „eepeurriu
1610 5835 1634 5890 d)
1650 5837 1821 5890 .,contigeret“.
