4414 6402
888 325 957 380 1323
976 325 1053 378 Mdrn
1074 325 1115 380 18.
1764 331 1843 394 163“

167 526 367 610 promittant
391 531 425 591 et
447 531 485 589 ut
509 542 640 589 censum
664 526 801 589 duarum
824 522 981 589 librarum
1005 527 1038 588 et
1062 527 1203 603 quatuor
1226 521 1433 587 denariorum
1457 522 1675 606 prescriptum
1692 545 1751 607 per
1768 545 1823 593 eos

168 638 377 700 subtractum
408 640 443 697 et
473 649 537 696 non
568 631 709 696 solutum
740 650 779 697 ac
811 637 879 698 tres
908 649 1038 696 marcas
1070 649 1141 694 cum
1172 634 1245 694 octo
1277 627 1387 694 solidis
1419 628 1611 694 lrallensinm
1635 638 1669 696 et
1692 632 1822 698 dimidio

168 740 367 825 prescriptis
392 759 432 804 ex
454 738 565 804 causis
589 737 774 820 prenotatis
798 737 1042 804 conmendatori
1066 745 1100 803 et
1123 734 1284 802 iratribus
1308 735 1551 801 sentencialiter
1568 740 1821 822 condempnetis

169 853 334 930 adquam
359 845 552 928 peticionem
576 845 657 911 dicti
681 845 729 911 rei
753 845 861 911 animo
885 843 975 910 litem
992 842 1200 910 contestandi
1216 846 1465 924 responderunt,
1491 850 1660 926 negantes,
1686 855 1824 914 narrata

167 956 205 1021 in
229 954 326 1020 dietis
350 952 568 1035 peticionibus
591 972 673 1018 vere
696 971 778 1034 esse,
813 959 846 1017 et
870 951 1027 1031 dicentes⁷
1053 951 1161 1034 petita
1183 949 1255 1016 fieri
1278 969 1342 1015 non
1367 951 1494 1015 debere.
1543 949 1618 1016 Lite
1640 951 1753 1034 itaque
1777 955 1824 1020 sic

168 1063 314 1146 legitime
332 1064 530 1142 contestata,
548 1063 614 1124 ad·
628 1059 800 1125 iurandum
817 1062 857 1124 de
874 1057 1060 1140 calumpnia
1072 1059 1264 1140 ponendum,
1283 1057 1551 1138 procuratoribus
1563 1062 1824 1140 respondendum

82 1243 84 1246 ,
169 1172 270 1236 etad
294 1169 499 1250 probandum
523 1167 626 1250 primo
650 1165 767 1232 feriam
790 1173 942 1247 quartam
966 1165 1145 1248 proximem
1170 1171 1244 1248 post
1261 1162 1478 1249 Quasimod0²
1499 1163 1581 1246 ipsis
1597 1166 1748 1247 partibus
1765 1188 1824 1250 pro

169 1277 311 1342 termino
343 1275 551 1358 presentibus
582 1271 845 1357 assingnamus.b
893 1274 1015 1340 Datum
1046 1291 1130 1339 anno
1163 1270 1283 1338 domini
1307 1272 1346 1336 rb.
1365 1264 1424 1337 cde.
1444 1250 1587 1351 XXliI„
1616 1271 1702 1339 feria
1730 1282 1826 1341 sexta

169 1383 320 1464 proxima
343 1388 419 1464 post
443 1383 575 1452 Letare.

389 1525 434 1579 Or.
455 1525 544 1594 Pprnt.
589 1524 651 1578 Dos
678 1523 854 1593 abbongmde
880 1523 967 1592 Siepcl
992 1523 1038 1575 des
1062 1521 1187 1576 Kentors
1212 1520 1356 1574 Reinlrard
1380 1521 1417 1574 ist
1445 1519 1605 1587 bescbddipt.
1651 1521 1752 1576 Auctio
1777 1523 1826 1578 der

442 1614 625 1668 lotbolmcben
645 1613 790 1668 Gemeinde
808 1613 846 1665 im
865 1611 1168 1666 Deutscbordensbouse
1185 1626 1220 1663 su
1239 1609 1467 1664 Socbeenhuueen.

441 1723 493 1774 Am
519 1724 561 1774 21.
580 1719 645 1773 Mai
670 1698 741 1789 (till.
761 1717 815 1774 kal.
835 1717 913 1788 iunii)
939 1719 1073 1774 entscbied
1098 1719 1147 1772 der
1171 1717 1283 1772 llo-ntor
1308 1716 1360 1770 deu
1378 1715 1462 1770 strat
1486 1716 1617 1769 rwiseben
1642 1717 1694 1770 ders
1718 1720 1825 1774 norber-

384 1816 540 1878 yenunnteu
559 1808 708 1863 Parteien¹
726 1815 807 1862 unter
824 1808 1005 1878 Vermittlunp
1024 1808 1069 1861 des
1088 1807 1218 1875 Propetes
1237 1823 1288 1860 corr
1307 1806 1467 1876 Nenenberq
1487 1806 1528 1858 bei
1548 1806 1643 1860 Fulda
1661 1807 1826 1876 (mediante

388 1898 542 1952 honorabili
567 1899 625 1952 viro
652 1897 759 1950 domino
780 1938 785 1950 .
807 1939 813 1951 .
833 1898 970 1964 preposito
990 1895 1059 1950 Novi
1079 1896 1180 1951 llontis
1206 1897 1235 1948 in
1255 1893 1371 1961 Fulda“)
1397 1896 1428 1948 in
1453 1893 1591 1963 folgenden
1611 1895 1713 1949 Weiss:
1741 1899 1825 1966 „quod

385 1987 488 2056 prelati
507 1987 546 2040 rei
566 1987 653 2042 dictos
674 2030 678 2039 .
694 2029 699 2039 .
719 1986 956 2041 commendatorem
976 1993 1004 2040 et
1023 1985 1124 2040 iratres
1136 1987 1165 2040 in
1179 1983 1352 2039 assecucione
1364 1999 1412 2037 seu
1425 1985 1600 2051 percepcione
1612 1999 1644 2039 ec
1656 1987 1826 2053 possessione

387 2079 576 2132 universorum
606 2076 762 2130 reddituum
792 2075 1004 2144 prescriptorum
1029 2077 1057 2128 in
1083 2079 1143 2128 toto
1170 2072 1212 2128 vel
1238 2075 1266 2126 in
1291 2077 1370 2140 perte
1397 2087 1503 2126 exnunc
1529 2072 1644 2127 inantea
1668 2074 1826 2130 nullatenus

386 2166 516 2234 impedire
534 2173 699 2234 presument.
737 2164 793 2232 Ipsi
812 2179 916 2232 quoque
936 2207 960 2219 ..
983 2167 1089 2218 actores
1109 2171 1222 2217 econtra
1242 2162 1275 2216 de
1289 2161 1370 2230 plano
1384 2167 1413 2215 et
1424 2161 1584 2230 simpliciter
1596 2166 1828 2219 renunciaverunt

386 2255 459 2309 omni
478 2254 589 2322 actioni,
609 2269 660 2321 que
678 2255 745 2322 ipsis
765 2269 846 2321 super
864 2253 997 2322 neglectis
1016 2252 1098 2305 unius
1118 2253 1183 2306 anni
1201 2251 1321 2319 ipsorum
1341 2250 1496 2305 reddituum
1515 2265 1618 2304 necnon
1639 2266 1720 2320 super
1737 2253 1827 2309 tribus

386 2345 485 2399 marcis
510 2345 619 2397 nomine
645 2342 731 2397 debiti
756 2341 897 2411 prenotati
921 2349 1072 2409 conspetere
1097 2343 1232 2408 potuisset
1257 2356 1305 2395 seu
1329 2347 1422 2409 posset
1441 2341 1468 2394 in
1487 2341 1636 2394 futurum‘.
1678 2342 1723 2397 Or.
1738 2343 1825 2413 Ppnrt.

387 2435 449 2490 Dus
467 2433 644 2504 abdunpende
662 2433 749 2503 Sicuti
766 2434 802 2487 ist
821 2433 982 2512 bescbddiyt
1020 2433 1073 2485 Am
1092 2431 1273 2501 crryefitbrten
1295 2431 1365 2485 Orto.

168 2765 261 2841 208.
287 2773 359 2839 Der
382 2774 560 2839 Scholaster
590 2793 650 2836 oon
673 2773 717 2836 St.
736 2771 915 2836 Murrentio-s
944 2793 985 2834 eu
1009 2771 1124 2836 Metine
1148 2772 1337 2872 vcnrtscbeidei
1367 2776 1410 2835 im
1438 2774 1716 2854 rmbt'scbdflicben
1739 2774 1825 2854 Auf-

288 2887 380 2964 troyc
403 2881 453 2944 dic
475 2880 704 2964 Strettc'plrer'tcn
726 2878 881 2942 eruiscbcrc
904 2879 974 2942 dom
992 2879 1036 2942 St.
1052 2877 1388 2959 Rarnotomaeussnft
1413 2880 1477 2942 tend
1499 2881 1568 2943 dein
1584 2883 1629 2946 St.
1643 2880 1825 2946 Leontinu-

288 2987 361 3070 stift
383 3009 425 3050 nrt
440 2985 624 3068 Frondfu-rt
649 2987 723 3050 iiber
745 2986 837 3048 deren
861 2988 1069 3069 peperceritipc
1087 2984 1281 3068 Befuyntese
1307 2987 1370 3049 arui
1386 2985 1510 3050 Recbtc.
1559 2987 1824 3052 tenebraris.

279 3131 320 3194 In
354 3128 482 3194 nomine
518 3127 652 3209 domini
689 3146 793 3192 amen.
841 3126 1040 3194 Scolasticus
1075 3127 1210 3193 ecclesie
1247 3127 1353 3194 sancti
1388 3129 1540 3194 Mauricii
1574 3130 1769 3214 Moguntini‚
1806 3151 1826 3196 a

169 3239 354 3303 reverendo
374 3235 419 3300 ·in
444 3233 575 3301 Christo
600 3240 696 3316 patre
720 3239 753 3299 et
777 3233 905 3299 domino
930 3233 1058 3299 domino
1082 3234 1219 3316 Mathia,
1246 3241 1360 3301 sancte
1384 3236 1574 3318 Moguntinc
1598 3237 1686 3302 sedis
1710 3237 1823 3318 electu,

168 3343 270 3409 index
301 3342 335 3406 in
367 3361 467 3407 causa
498 3339 714 3421 infrascripta
744 3339 933 3422 specialiter
964 3343 1151 3422 deputatus
1203 3341 1377 3409 Universis
1409 3342 1531 3408 t'lrristi
1561 3343 1721 3420 fidelibus
1740 3345 1766 3426 ll
1784 3348 1824 3410 ad

168 3470 254 3532 quos
279 3468 414 3530 presens
436 3447 594 3530 scriptum
612 3447 809 3529 pervenerit,
835 3447 974 3536 salutern
991 3447 1023 3512 in
1041 3467 1088 3529 eo,
1114 3448 1169 3529 qui
1187 3455 1238 3514 est
1254 3448 1394 3515 omnium
1411 3469 1491 3515 vera
1507 3449 1605 3516 salus.
1648 3450 1823 3532 Noveritis

168 3559 259 3639 quod
283 3555 485 3621 honorabilis
508 3555 560 3622 vir
584 3554 732 3620 dominus
751 3607 756 3618 .
774 3607 779 3618 .
798 3553 992 3620 scolasticus
1009 3554 1144 3620 ecclesie
1162 3561 1277 3620 sancte
1294 3555 1400 3621 Marie
1417 3559 1457 3622 ad
1477 3558 1608 3624 Gradus
1624 3558 1823 3640 Moguntinr,

168 3666 251 3730 sede
280 3669 313 3728 et
338 3662 478 3728 ecclesia
502 3661 707 3748 Moguutino,
735 3714 766 3727 ..
793 3660 1038 3742 archiepiscopo
1063 3668 1096 3726 et
1122 3714 1153 3726 ..
1180 3665 1303 3728 decano
1328 3661 1402 3728 olim
1419 3664 1446 3746 ll
1463 3663 1679 3744 vacantibus,¹
1695 3664 1825 3732 litteras

167 3772 428 3838 reverendorum
459 3768 660 3834 dominorum
686 3821 717 3833 ..
744 3767 888 3833 cantoris
920 3774 954 3833 et
984 3767 1121 3850 capituli
1153 3768 1288 3834 ecclesie
1313 3769 1502 3852 Mogontinc
1529 3771 1655 3852 recepit
1679 3773 1738 3836 sub
1762 3772 1824 3838 bac

167 3875 297 3942 forma:
322 3875 537 3941 Eberhardus
561 3877 601 3940 de
625 3873 752 3955 Lepide
777 3881 893 3939 canter
917 3880 1085 3954 totumque
1110 3874 1289 3956 capitulum
1312 3875 1448 3941 ecclesie
1469 3877 1665 3959 ingeniine,
1692 3881 1767 3944 sede
1793 3888 1826 3945 et

168 3987 338 4050 decanatu
363 3983 568 4063 vacantibus
595 3982 714 4048 dilecto
738 3982 772 4047 in
789 3981 918 4046 Christo
936 3981 963 4064 ll
982 4033 987 4044 .
1005 4032 1010 4044 .
1029 3980 1203 4046 scolastico
1229 3982 1365 4046 ecclesie
1382 3989 1496 4048 sancte
1513 3983 1617 4049 blarie
1635 3987 1676 4049 ad
1693 3985 1825 4052 Gradus

169 4089 380 4172 Mogontine‚
414 4089 552 4154 salutern
584 4088 618 4154 in
649 4087 787 4153 domino.
845 4087 1130 4172 Conquestisunt
1161 4088 1254 4153 nobis
1285 4089 1492 4154 honorabiles
1523 4089 1586 4156 viri
1617 4093 1761 4156 decanus
1792 4100 1825 4157 et

170 4195 354 4278 capitulum
386 4195 523 4260 ecclesie
554 4195 662 4260 sancti
692 4193 914 4259 Bartholomei
936 4193 1269 4277 Frankcnlordensis,
1302 4198 1385 4276 quod
1419 4199 1561 4262 decanus
1589 4203 1622 4262 et
1646 4197 1824 4278 capitulum

169 4302 310 4369 ecclesie
342 4302 440 4368 beate
463 4302 568 4367 Marie
599 4300 737 4384 virginis
769 4307 801 4365 et
833 4300 922 4364 beati
947 4300 1082 4384 Georgii
1112 4301 1230 4366 ibidem
1263 4322 1361 4383 super
1392 4301 1585 4383 quibusdam
1609 4303 1733 4369 iuribus
1758 4311 1823 4370 tam

168 4409 401 4492 spiritualibus
425 4427 521 4489 quam
545 4399 782 4489 temporalibus
806 4409 848 4470 ad
873 4406 1043 4472 ecclesiam
1068 4425 1161 4472 suam
1185 4407 1366 4488 predictam
1383 4408 1610 4490 spectantibus
1627 4408 1825 4476 iniurientur

168 4517 306 4597 eisdem,
331 4515 467 4596 ideoque
499 4514 689 4580 discretioni
720 4519 831 4582 vestre
863 4513 1082 4580 conmittimus
1108 4521 1140 4579 et
1164 4518 1365 4596 mandamus
1390 4521 1549 4596 quatenus
1573 4515 1725 4598 partibus
1749 4537 1824 4582 con-

168 4623 301 4690 vocatis
333 4641 466 4687 causam
496 4621 639 4687 audiatis
671 4629 705 4686 et
736 4640 807 4686 earn
838 4621 900 4686 fine
932 4621 1041 4686 debito
1075 4621 1269 4702 terminetis,
1295 4620 1465 4704 iacientes,
1491 4625 1576 4703 quod
1601 4624 1823 4697 decreveritis,

169 4751 232 4814 per
263 4748 436 4795 censuram
467 4727 724 4794 ecclesiasticam
757 4727 893 4793 firmiter
917 4728 1097 4794 observari.
1145 4730 1262 4795 Testes
1287 4735 1405 4811 eutem,
1432 4729 1486 4810 qui
1509 4727 1633 4795 fuerint
1656 4729 1823 4812 nominati,

170 4838 199 4903 si
225 4855 261 4902 se
285 4836 407 4920 grecia,
433 4835 505 4901 odio
530 4835 583 4902 vel
605 4835 721 4900 timore
746 4835 981 4916 subtraxerint,
1008 4855 1148 4902 censura
1172 4836 1271 4902 simili
1294 4838 1422 4920 cogatis
1446 4836 1581 4902 veritati
1605 4837 1824 4902 testimonium

170 4942 355 5027 perhibere.
405 4944 527 5008 Datum
551 4943 611 5008 sub
636 4941 742 5026 sigillo
760 4950 880 5008 nostro
905 4943 947 5008 ad
972 4962 1099 5023 causae,
1126 4963 1210 5010 anno
1235 4942 1355 5008 domini
1379 4945 1418 5008 rii.
1442 4939 1506 5011 cci.
1525 4923 1630 5022 XilL
1656 4923 1824 5010 iniibus

170 5047 315 5134 aprilis.³
361 5048 485 5134 Quibus
517 5049 646 5130 quidem
676 5048 790 5114 litteris
821 5044 965 5130 receptis
996 5056 1029 5113 et
1060 5049 1211 5131 pertibus
1243 5053 1281 5115 ad
1315 5049 1364 5116 sui
1393 5051 1595 5132 presenciam
1625 5051 1823 5130 convocatis

169 5157 329 5242 syndicus
365 5175 422 5221 seu
458 5161 653 5237 procurator
686 5155 888 5221 dominorum
919 5156 1035 5221 decani
1066 5165 1098 5222 et
1130 5157 1267 5239 capituli
1298 5157 1433 5223 ecclesie
1465 5157 1572 5222 sancti
1602 5157 1824 5224 Bartholomei

171 5260 491 5330 Frankinlordensis
520 5261 663 5328 libellum
696 5283 790 5328 suum
820 5264 1050 5329 convencionis
1081 5270 1198 5330 contra
1228 5268 1386 5330 decanum
1417 5273 1450 5329 et
1481 5265 1658 5346 capitulum
1689 5265 1824 5331 ecclesie

170 5378 290 5438 sancte
313 5369 418 5436 Marie
449 5376 483 5435 et
513 5369 605 5435 beati
628 5369 764 5453 Georgii
787 5369 1103 5436 Frankiniordensis
1135 5371 1253 5437 obtulit
1282 5371 1316 5436 in
1346 5372 1405 5437 bec
1437 5374 1554 5439 verbe:
1588 5375 1703 5437 torem
1731 5373 1824 5437 uobis

441 5565 465 5616 s)
481 5563 522 5607 Or.
539 5567 599 5614 „sc‘¹
629 5563 652 5615 b)
669 5563 707 5606 S.

229 5729 235 5757 ¹
257 5731 326 5782 1321
345 5727 430 5794 April
452 5731 478 5782 6.
525 5725 613 5779 ’Der
636 5727 758 5779 anume
781 5727 910 5794 tb'yrrcnds
934 5727 970 5779 iet
1027 5727 1151 5780 Gerbodo
1187 5726 1255 5778 nint
1284 5728 1325 5780 ale
1356 5727 1447 5780 Ritter
1478 5727 1624 5780 bezeicbnet
1656 5728 1760 5796 („miles
1791 5729 1823 5782 de

170 5817 233 5870 bier·
263 5814 413 5882 „Bouzere'‘
443 5815 611 5883 geeclrrieben
644 5816 702 5868 und
726 5815 774 5868 der
804 5815 972 5869 *cerstorbene
1028 5813 1201 5867 submersae.
1239 5814 1338 5867 ³132]
1358 5816 1442 5883 April
1462 5819 1502 5869 10.
