4414 6402
394 317 440 382 90
994 315 1061 370 1318
1080 315 1157 382 April
1177 317 1192 367 ‘l
1212 345 1245 356 -
1267 315 1335 369 1³18
1354 313 1409 369 mn
1428 316 1453 370 l.

396 511 544 592 nimium,
588 512 660 579 sitis
703 510 892 593 familiaris,
936 512 1057 577 nullam
1098 491 1359 578 familiaritatem
1394 511 1524 593 penitus
1560 511 1787 594 exprimendo,
1831 531 1904 578 com
1939 519 2045 578 tamen

395 615 615 700 familiaritas,
648 619 676 685 si
707 639 772 701 qua
802 625 863 701 cst,
896 619 1018 684 nullam
1047 618 1176 684 omnino
1208 617 1313 698 possit
1342 617 1497 684 inducere
1527 618 1756 700 suspicionem.
1804 619 1948 686 Maxime
1972 620 2046 700 quia

394 724 503 791 idem.
524 777 530 790 .
549 731 658 792 rector
682 745 791 793 coram
816 725 911 792 vobis
935 730 968 792 et
991 729 1032 792 de
1055 732 1170 792 vestra
1193 724 1339 806 equitate
1364 745 1563 808 presumens
1588 745 1711 793 meram
1734 725 1898 792 lusticiam
1921 726 1956 791 in
1977 726 2045 792 loco

395 833 638 914 Frankeaoord,
664 833 737 916 plus
764 831 926 900 iratribus
954 853 1050 914 quam
1076 832 1138 899 sibi
1162 833 1288 899 adhoc
1313 832 1530 914 convenienti,
1555 833 1613 899 ubi
1635 833 1725 900 dicta
1749 852 1851 899 causa
1873 839 1964 899 muta
1987 841 2044 914 est,

396 939 617 1022 prosequitur,
641 960 702 1006 nec
726 947 777 1006 est
801 947 860 1007 aut
882 959 1047 1021 uunquam
1071 939 1135 1006 fuit
1151 945 1208 1007 aut
1225 939 1289 1006 erit
1305 939 1409 1022 ipsius
1425 940 1565 1008 rectoris
1580 940 1734 1023 intencio,
1761 939 1865 1008 eciam
1881 941 1910 1006 si
1925 948 2044 1023 posset,

396 1044 567 1128 sepefatos
593 1100 625 1112 ..
651 1047 846 1131 gordianum
878 1054 910 1113 et
941 1046 1065 1114 iratres
1096 1067 1153 1114 seu
1184 1066 1416 1129 quemcumque
1447 1047 1546 1114 alium
1575 1046 1721 1114 indebite
1752 1048 1938 1129 molestare,
1971 1048 2046 1129 quia

395 1153 482 1220 viam
506 1153 597 1236 pacis
622 1154 813 1222 desiderans
837 1154 979 1238 simplici
1001 1154 1134 1222 iusticia
1150 1159 1372 1237 contentatur,
1398 1155 1426 1220 si
1442 1160 1551 1220 tamen
1567 1155 1674 1238 ipsam
1691 1147 1733 1221 ab
1750 1155 1872 1222 eisdem
1887 1152 2046 1220 iratribus

395 1259 639 1343 quibuscunque
669 1261 732 1329 viis
763 1270 797 1328 et
820 1260 923 1328 modis
946 1261 1042 1328 iustis
1066 1268 1099 1328 et
1123 1261 1223 1328 licitis
1248 1262 1398 1344 optinere
1421 1261 1558 1328 valeret.
1605 1262 1693 1328 Petit
1716 1263 1829 1344 itaque
1853 1268 2048 1344 procurator

396 1366 476 1432 dicti
498 1367 647 1450 rectoris,
673 1374 710 1434 ut
734 1368 903 1450 premissis
926 1368 1177 1451 exceptionibus
1201 1368 1330 1434 omnino
1354 1369 1497 1436 veritate
1521 1369 1710 1436 carentibus
1727 1367 1877 1452 repulsis,
1903 1388 1975 1435 cum
1991 1388 2047 1451 per

397 1492 454 1539 eas
479 1473 560 1540 dicti
583 1481 796 1558 opponentes
821 1482 859 1541 ut
881 1473 1056 1542 manifeste
1080 1475 1221 1556 videtur,
1247 1475 1419 1542 intendant
1444 1482 1573 1558 tempus
1597 1483 1631 1542 et
1653 1483 1803 1559 tempora
1827 1474 2046 1557 calumpniose

395 1582 555 1647 deducere
587 1588 620 1648 et
650 1582 700 1648 ius
731 1601 770 1648 ac
800 1582 965 1649 iusticIam
990 1581 1124 1648 subdole
1148 1582 1323 1665 declinare,
1349 1583 1383 1648 in
1407 1583 1576 1650 coatmisso
1601 1583 1695 1650 vobis
1716 1582 1854 1668 negocio
1878 1583 1935 1650 via
1957 1582 2048 1665 regia

396 1688 593 1768 procedatis.
642 1687 747 1755 Offert
771 1689 873 1755 eciam
898 1709 933 1756 se
956 1690 1041 1756 idem
1065 1697 1261 1772 procurator
1285 1691 1327 1756 ad
1352 1692 1555 1772 probandum
1578 1689 1612 1755 in
1635 1687 1727 1756 iacto
1752 1689 1981 1768 consistencia,
2006 1691 2048 1754 ad

396 1796 480 1874 quod
512 1795 614 1861 eciam
645 1815 681 1862 se
711 1797 797 1878 petit
827 1795 966 1862 admitti.
1012 1797 1085 1861 Non
1117 1795 1274 1880 astringit
1297 1816 1332 1862 se
1357 1803 1467 1863 tamen
1490 1799 1533 1862 ad
1556 1798 1761 1878 probandum
1785 1795 1902 1876 omnia,
1926 1798 1983 1862 sed
2007 1798 2046 1861 ad

396 1919 437 1965 ea
467 1907 605 1982 tentum,
632 1922 695 1983 que
724 1902 904 1969 intencioni
936 1923 993 1968 sue
1025 1903 1171 1970 sufficere
1202 1910 1357 1986 poterunt
1388 1903 1421 1970 in
1452 1904 1607 1986 presenti.
1655 1905 1777 1970 Datum
1809 1923 1895 1969 anno
1928 1901 2048 1968 domini

395 2007 436 2072 uir.
461 2003 527 2076 etc.
553 2009 691 2090 XVIII,
717 2008 804 2075 ieria
834 2014 979 2076 secunda
1002 2017 1078 2092 post
1101 2009 1305 2093 dominicam,
1331 2031 1396 2092 qua
1420 2018 1576 2078 cantatur
1600 2011 1732 2077 Letare.
1779 2011 1825 2076 Et
1849 2013 1891 2076 ad
1915 2029 2049 2091 respon-

396 2115 537 2179 dendum
567 2115 642 2181 istis
672 2116 946 2198 replicacionibus
976 2114 1093 2182 feriam
1124 2124 1277 2197 quartam
1307 2125 1382 2200 post
1413 2125 1565 2185 octavam
1597 2119 1718 2200 pasche
1742 2115 1946 2200 proximam¹
1969 2115 2048 2198 ipsis

400 2219 553 2302 partibus
578 2242 636 2304 pro
661 2222 800 2290 termino
825 2223 1041 2308 assignamus,

612 2364 803 2436 Glcicbeeitipc
815 2365 959 2431 Abscbrift
978 2365 1034 2431 aas
1042 2367 1129 2436 Ppmt.
1144 2367 1212 2420 abne
1224 2367 1299 2435 Spar
1312 2383 1364 2421 coru
1376 2365 1563 2436 Beaepaanp.
1603 2367 1793 2436 Gleicbseitipe
1805 2363 2028 2430 Rulckausechn'f
2027 2370 2049 2416 t:

666 2453 809 2521 ,Parrocb
823 2454 953 2522 Frank.“,
972 2457 1126 2511 curandam
1145 2473 1197 2509 corr
1216 2461 1298 2510 etwas
1316 2461 1440 2525 rpdterer
1453 2456 1542 2509 Hand
1557 2453 1666 2522 ,Silridi
1685 2453 1794 2522 plebani
1813 2453 1841 2507 in
1854 2453 2050 2508 Frankeasord

662 2543 802 2610 responsio
821 2543 856 2598 ad
874 2544 1048 2612 exoepciones
1068 2543 1228 2598 111110111ιῦΙ
1267 2545 1584 2599 Sambracitanus.
1599 2543 1653 2598 No.
1666 2545 1746 2600 3608.

395 2898 461 2977 95.
486 2908 556 2974 Der
578 2909 708 2976 Kantor
730 2912 785 2976 des
801 2911 1193 2994 Bambotumcars-stipes
1216 2934 1257 2976 aa
1273 2910 1458 2993 Frondsart
1481 2913 1665 2977 entsckcr'dct
1688 2916 1730 2975 ita
1748 2911 1949 2993 pdpstlicben
1964 2909 2049 2990 Auf-

485 3021 574 3100 trope
597 3021 686 3082 cinea
709 3019 804 3085 Streit
826 3019 981 3084 awiscbea
1004 3020 1072 3084 clera
1096 3017 1229 3084 Kloster
1254 3019 1362 3084 Paroa
1385 3021 1451 3084 arrd
1470 3021 1533 3084 'tien
1549 3019 1703 3083 Briidera
1728 3040 1785 3083 uon
1803 3017 1976 3082 Gianheim
2000 3039 2050 3080 rtur

487 3127 553 3189 eina
576 3124 763 3208 Korapr'iltc,
793 3125 1030 3209 ,mediantibus
1055 3127 1203 3192 Gctzone
1235 3128 1273 3191 de
1297 3125 1550 3204 Esschirsbeim,
1575 3125 1713 3190 iliberto
1743 3127 1783 3190 de
1807 3124 1989 3225 Ovenbpch
2019 3131 2050 3188 et

486 3230 624 3314 Didone
648 3231 898 3314 Landmdlnere,
924 3231 1073 3314 opidanis
1097 3231 1497 3299 Frankeni0rdensibus“.
1558 3235 1645 3297 1313
1667 3232 1766 3315 Apn'l
1792 3237 1818 3296 7.
1866 3231 1956 3316 (VII.
1977 3230 2050 3296 idus

486 3335 624 3424 aprilis).

612 3479 710 3534 caua.-
728 3480 846 3550 Rea'mer,
866 3481 908 3548 II,
929 3486 982 3536 184
1000 3481 1070 3536 raucit
1088 3481 1147 3536 dem
1168 3481 1215 3537 Or.
1229 3483 1316 3552 Ppmt.
1336 3482 1385 3536 mit
1404 3483 1491 3552 Siepel
1509 3483 1547 3535 ior
1565 3483 1604 3536 Sl.
1619 3483 1653 3536 Α.
1664 3481 1835 3536 Wtacaden.

396 3835 462 3911 96.
488 3843 557 3909 Der
579 3843 709 3910 Kontor
731 3847 786 3912 des
802 3847 1193 3929 Bartholomaeus-Stistcs
1216 3871 1257 3913 rut
1273 3849 1457 3931 Froalrfort
1481 3851 1665 3914 eatscbez'det
1689 3854 1731 3914 lm
1748 3850 1947 3932 pdpstlicbca
1963 3848 2051 3929 Atus-

486 3957 575 4037 traye
598 3955 686 4018 cinca
709 3955 804 4018 Strez't
826 3955 982 4020 saumonem
1004 3957 1060 4020 der·
1085 3955 1253 4021 Gerneiadc
1275 3979 1317 4020 ru
1341 3957 1529 4022 Nea-caluom
1552 3957 1618 4021 aad
1641 3959 1710 4022 dem
1734 3957 1866 4022 Kloster
1884 3957 1993 4022 Thron
2018 3960 2052 4018 ia

486 4065 571 4124 cister
597 4061 819 4140 Scbaldsacbe,
849 4061 1086 4146 ,mediantibus
1103 4063 1271 4146 Wyggero
1303 4082 1343 4128 zu
1374 4065 1447 4129 dem
1463 4064 1615 4146 Wydere,
1647 4063 1794 4129 Johanni
1825 4066 1865 4128 de
1890 4063 1986 4144 Spira
2018 4070 2052 4128 et

487 4167 638 4233 Conrado
656 4167 812 4251 Gysubel,
838 4167 963 4235 civibus
979 4167 1382 4236 Frankeniordensibus“.
1430 4177 1518 4236 1313
1540 4172 1637 4254 April
1660 4183 1690 4235 3.
1738 4170 1893 4258 (VLidus
1909 4169 2051 4254 aprilis.)

612 4307 739 4378 Auemp:
767 4310 863 4376 Saoce,
893 4308 934 4373 1⁸,
966 4315 1017 4366 106
1042 4313 1112 4366 auct
1137 4313 1195 4366 dem
1223 4312 1269 4367 Or.
1291 4313 1388 4382 Ppmt,
1414 4313 1506 4368 dassen
1532 4312 1620 4384 Siepel
1643 4314 1799 4383 obqeriseen
1823 4314 1867 4380 ast,
1893 4314 1929 4368 im
1955 4314 1995 4368 St.
2016 4313 2051 4366 A.

668 4399 838 4454 Wieebodea.

397 4713 462 4831 ΞΠ.
489 4763 562 4830 Dos
592 4765 803 4848 Stiftskopitcl
839 4789 896 4837 uon
925 4769 970 4832 St.
992 4769 1257 4834 Bartholomaeus
1293 4775 1326 4835 ia
1356 4771 1540 4853 Frankfurt
1575 4773 1766 4837 deturbanda
1800 4776 1866 4836 cirta
1897 4775 1952 4836 ma
1980 4773 2050 4837 dem

486 4872 698 4956 Stiftslcapitel
715 4897 756 4938 aa
771 4877 816 4940 St.
831 4875 1000 4940 Leonbard
1015 4877 1153 4942 doselbst
1171 4900 1273 4982 torpeo
1288 4879 1612 4962 pauciasrbuftlicber
1628 4879 1803 4964 Bepebuap
1822 4880 2051 4944 oorscbiederwr

485 4981 671 5046 tircblicber
694 4980 950 5047 Ferbrlicbkeitca
972 4986 1139 5068 petrcffene
1168 4985 1405 5067 Ubereinkrmft.
1454 4993 1541 5051 1318
1564 4987 1638 5052 Mut'
1662 4991 1691 5050 4.

504 5132 658 5200 Decanus
675 5140 708 5199 et
724 5133 903 5216 capitulum
920 5135 1029 5202 sancti
1045 5136 1267 5203 Bartholomei
1282 5137 1316 5202 io
1333 5138 1583 5216 Frankenvcrd,
1608 5137 1882 5221 recognoscimus,
1907 5139 2048 5204 honora·

398 5239 479 5306 biles
503 5239 592 5308 viros
620 5243 778 5308 decanum
802 5247 835 5308 et
860 5241 1038 5325 capitulum
1063 5243 1199 5311 ecclesie
1223 5250 1338 5310 sancte
1362 5245 1469 5310 Mario
1493 5263 1532 5312 ac
1556 5245 1646 5311 beati
1663 5245 1797 5329 Georgii
1820 5243 1938 5311 ibidem
1964 5245 2050 5312 ordi-

398 5347 569 5415 nacionem
601 5349 822 5432 subscriptam
852 5369 919 5416 una
949 5349 1119 5418 nobiscum
1149 5358 1183 5416 et
1214 5371 1273 5418 nos
1303 5371 1369 5417 una
1400 5371 1472 5417 cum
1504 5352 1550 5418 eis
1576 5352 1761 5420 voluntarie
1785 5358 1819 5418 et
1842 5353 2050 5418 concorditer

398 5454 520 5536 iniisse,
545 5455 699 5522 videlicet
728 5459 814 5538 quod
845 5457 966 5522 iidem·
998 5461 1142 5524 decanus
1173 5465 1206 5523 et
1237 5458 1416 5540 capitulum
1448 5459 1584 5526 ecclesie
1616 5466 1730 5527 sancte
1754 5458 1859 5526 Maris
1889 5479 1929 5526 ac
1959 5459 2051 5526 beati

669 5647 788 5694 Varium
801 5661 847 5694 von
860 5648 1066 5709 Lambere-Stis}
1080 5650 1124 5696 No.
1135 5652 1195 5696 672:
1209 5653 1233 5699 nt
1248 5649 1343 5701 „tdam“.

453 5813 462 5844 ¹
481 5815 552 5868 1318
561 5812 633 5867 'Mat'
650 5817 675 5868 3.
1343 5815 1360 5858 1
