4412 6406
408 318 473 383 398
1123 316 1192 371 1335
1211 315 1288 371 libra
1307 317 1351 372 24.

407 513 520 581 debito
544 515 736 598 mancipari,
761 533 822 580 nos
846 513 949 598 igitur
973 513 1152 596 equitatem
1176 515 1279 598 rigori
1303 515 1336 581 in
1360 516 1422 581 hac
1439 521 1535 596 parte
1552 513 1769 596 preferentes
1795 536 1853 599 pro
1870 517 1953 585 bono
1969 517 2056 599 pacis

407 630 441 689 et
472 622 655 704 concordie,
684 623 824 688 maxime
854 626 892 687 ut
922 622 1031 688 cultus
1061 621 1192 688 divinus
1216 641 1287 718 ‘non
1316 621 1494 702 minuatur,
1520 622 1715 688 arbitrando
1746 624 1998 705 pronunciamus
2026 631 2057 690 et

408 730 544 797 dicimus
574 729 607 796 in
638 729 700 796 hiis
729 729 877 812 scriptis:
911 728 1153 796 ordinacionem
1179 717 1338 812 sepedicti
1362 729 1482 795 domini
1506 781 1539 796 ..
1565 729 1732 796 scolastici
1755 731 1790 797 in
1813 732 1901 798 hunc
1923 735 2055 812 modum,

406 845 443 904 ut
474 838 632 921 sequitur,
665 839 921 903 observandem:
953 836 1107 918 Inprimis
1139 836 1274 917 sedicet,
1307 839 1391 918 quod
1422 855 1489 902 una
1519 836 1590 902 sola
1622 839 1790 920 prebenda
1821 840 1956 905 deberet
1989 859 2056 906 esse

407 966 480 1012 cum
510 945 651 1030 triginta
681 964 739 1010 sex
770 943 932 1010 octalibus
963 941 1103 1025 siliginis
1133 961 1283 1008 mensure
1307 940 1624 1009 Frankinfordensis
1652 946 1778 1026 dotata,
1804 945 1873 1012 alia
1897 948 2057 1028 prebenda

405 1055 440 1120 in
470 1073 568 1119 unam
598 1051 755 1119 vicariam
787 1056 988 1118 commutate
1018 1055 1052 1116 et
1083 1068 1190 1130 versa,
1215 1049 1264 1115 ita
1295 1052 1380 1130 quod
1411 1053 1480 1115 tres
1511 1051 1632 1116 debent
1663 1069 1737 1116 esse
1761 1050 1895 1134 vicarie,
1921 1052 2058 1135 quelibet

406 1159 534 1230 vicaria
564 1179 637 1226 cum
667 1158 851 1224 redditibus
882 1156 1075 1224 duodecim⁸
1099 1156 1253 1222 octalium
1286 1155 1426 1239 siliginis
1451 1162 1485 1222 et
1508 1176 1566 1223 sex
1590 1157 1749 1224 librarum
1773 1178 1845 1226 cum
1870 1179 1927 1226 sex
1951 1160 2058 1226 solidis

406 1268 598 1334 haliaeetum
620 1269 753 1347 dotata;
785 1265 864 1330 item
893 1264 974 1330 dicti
997 1269 1065 1330 tres
1090 1267 1280 1329 sacerdotes
1304 1283 1361 1328 seu
1387 1315 1419 1327 ..
1446 1263 1564 1330 vicarii
1587 1263 1653 1330 iam
1677 1264 1774 1331 dictis
1799 1265 1907 1332 tribus
1930 1267 2057 1334 vicariis

406 1374 631 1441 deservientes
663 1374 784 1439 debent
814 1392 886 1438 esse
917 1370 1097 1454 participes
1122 1369 1367 1452 presenciarum
1392 1376 1426 1435 et
1449 1369 1656 1437 oblacionum
1680 1393 1739 1454 per
1763 1376 1901 1439 eundem
1924 1378 2056 1448 modum,

408 1483 492 1549 sieut
523 1479 626 1547 ceteri
651 1531 682 1545 ..
709 1479 858 1546 canonici
885 1498 924 1545 ac
950 1529 982 1544 ..
1008 1475 1135 1559 vicarii,
1162 1483 1195 1542 et
1219 1475 1356 1543 cuilibet
1380 1480 1556 1544 eorundem
1580 1497 1652 1544 esse
1676 1481 1849 1546 consuevit
1872 1489 1907 1547 et
1930 1501 2059 1547 consue-

407 1594 536 1657 verunt.
579 1588 664 1653 Item
680 1585 944 1670 pronunciamus
970 1588 1054 1666 quod
1072 1587 1112 1650 de
1129 1583 1223 1650 bonis
1240 1584 1411 1666 pretactiS,
1437 1585 1563 1650 scilicet
1579 1585 1683 1668 ipsius
1700 1586 1822 1653 domini
1839 1639 1844 1650 .
1861 1641 1867 1652 .
1886 1588 2057 1663 scolastici,

406 1695 556 1763 redditus
580 1701 721 1775 quatuor
744 1711 927 1759 marcarum
952 1691 1072 1758 levium
1096 1691 1313 1770 denariorum,
1340 1711 1398 1774 pro
1422 1692 1569 1773 qualibet
1592 1712 1705 1759 marca
1722 1693 1862 1777 triginta
1877 1714 1936 1760 sex
1952 1695 2059 1762 solidis

406 1803 598 1870 hadenstum
627 1799 837 1882 conrputatis,
863 1799 996 1866 cuilibet
1027 1799 1238 1882 campanario
1272 1798 1416 1865 dicte..
1442 1799 1590 1882 ecclesie,
1616 1799 1671 1881 qui
1698 1820 1757 1881 pro
1782 1807 1928 1883 tempore
1951 1800 2058 1867 luerit.

406 1911 525 1976 debent
557 1907 744 1990 presentari
774 1914 808 1972 et
838 1908 880 1972 ad
904 1905 1041 1972 officium
1065 1905 1250 1988 predictum
1274 1905 1437 1988 deputari.
1485 1906 1568 1973 Item
1592 1906 1743 1973 redditus
1768 1927 1825 1977 sen
1850 1908 1965 1989 pensio
1991 1917 2059 1974 octo

406 2016 562 2083 octalium
593 2013 733 2099 siliginis
764 2013 898 2080 cuilibet
923 2065 955 2078 ..
981 2013 1156 2081 scolastico
1181 2012 1325 2080 eiusdem
1350 2013 1489 2079 ecclesie
1513 2014 1556 2079 ad
1580 2033 1671 2080 suam
1698 2067 1730 2078 ..
1757 2015 1967 2081 scolastriam
1991 2035 2060 2096 pre-

406 2123 529 2189 dictam
559 2125 680 2189 debent
710 2121 861 2188 similiter
891 2119 1055 2202 deputari.
1102 2121 1186 2186 Item
1217 2119 1367 2188 redditus
1398 2127 1539 2201 quatuor
1570 2120 1725 2187 octalium
1750 2121 1890 2206 siliginis
1913 2121 1948 2188 in
1972 2121 2059 2188 anni-

406 2229 555 2297 versario
584 2229 664 2295 dicti
682 2281 688 2293 .
705 2281 710 2293 .
729 2226 898 2294 scolastici
925 2227 1013 2292 inter
1030 2277 1036 2290 .
1053 2279 1058 2290 .
1078 2226 1254 2292 canonicos
1278 2233 1311 2293 et
1330 2226 1519 2296 ..vicarios
1542 2227 1663 2296 divinis
1688 2234 1766 2294 tunc
1790 2229 2058 2294 interessentibus

406 2339 528 2403 debent
551 2335 704 2402 distribui
727 2354 817 2402 more
841 2333 937 2400 solito
961 2339 996 2399 et
1020 2339 1185 2400 consueto.
1233 2334 1318 2399 Item
1342 2334 1492 2400 redditus
1515 2334 1612 2400 unius
1635 2354 1745 2401 marce
1766 2335 1975 2402 denariorum
1992 2352 2059 2416 pre-

405 2443 568 2510 dictorum
597 2442 632 2509 in
662 2440 890 2508 anniversario
922 2442 1084 2522 quondam
1115 2439 1231 2522 patris,
1258 2446 1289 2506 et
1315 2439 1465 2507 similiter
1487 2441 1636 2507 redditus
1659 2441 1757 2508 unius
1780 2461 1890 2508 marce
1913 2441 1948 2507 in
1972 2439 2057 2507 anni-

406 2550 554 2619 versario
585 2550 748 2632 quondam
779 2547 894 2614 matris
918 2546 999 2612 dicti
1023 2544 1143 2613 domini
1168 2597 1199 2614 ..
1227 2546 1394 2613 scolastici
1417 2547 1505 2614 inter
1529 2555 1700 2630 presentes
1724 2554 1803 2614 tunc
1828 2599 1860 2614 ..
1887 2547 2057 2615 canonicos

406 2665 440 2723 et
458 2709 464 2722 .
484 2711 490 2722 .
508 2655 650 2724 vicarios
674 2657 796 2722 debent
819 2653 972 2720 distribui
995 2660 1029 2719 et
1053 2651 1206 2735 deputari
1229 2673 1269 2718 ac
1292 2660 1451 2736 perpetue
1475 2654 1614 2738 singulis
1637 2655 1733 2720 annis
1757 2655 1924 2739 assignari
1948 2662 1982 2720 et
2004 2673 2056 2736 pro

407 2765 513 2831 salute
537 2763 718 2830 animarum
743 2765 917 2828 eorundem
942 2762 1062 2826 debent
1086 2780 1192 2842 orare,
1217 2766 1315 2842 prout
1339 2761 1374 2825 in
1390 2767 1536 2828 extremo
1552 2760 1672 2846 iudicio
1688 2762 1817 2829 domino
1834 2763 1916 2829 Jesu
1934 2761 2055 2829 Christo

406 2874 544 2938 reddere
566 2869 732 2937 voluerint
755 2869 930 2934 racionem.
978 2869 1063 2934 Item
1088 2867 1343 2951 pronunciamus
1366 2876 1400 2934 et
1424 2887 1579 2950 expresse
1603 2869 1698 2935 nobis
1722 2888 1942 2951 reservamus,
1967 2870 2054 2950 quod,

407 2979 435 3044 si
464 2978 499 3045 in
530 2976 690 3061 premissa
724 2981 841 3044 nostra
871 2973 1147 3057 pronunciatione
1177 2975 1230 3041 vel
1261 2994 1301 3040 ex
1333 2994 1373 3040 ea
1403 2975 1526 3056 aliquid
1557 2974 1672 3042 ior-san
1703 2977 1836 3042 dubium
1867 2970 2054 3059 contigerith

406 3085 538 3168 emergi,
563 3086 648 3165 quod
679 3085 794 3150 horum
824 3081 1084 3149 declaracionem
1114 3081 1210 3146 nobis
1241 3101 1458 3150 reservemus.
1506 3083 1647 3166 Insuper
1677 3086 1719 3148 ad
1749 3082 1906 3150 maiorem
1937 3079 2055 3149 roboris

406 3191 594 3259 firmitatem
625 3191 879 3278 pronunciamus
910 3197 943 3256 et
974 3187 1121 3269 dicimus,
1147 3189 1233 3254 hanc
1264 3195 1411 3255 nostram
1443 3190 1752 3270 pronunciacionem
1786 3189 1913 3274 sigillis,
1939 3188 2054 3256 scilicet

407 3298 542 3365 ecclesie
567 3303 754 3364 sanctorum
779 3296 884 3363 Marie
908 3303 941 3363 et
966 3296 1110 3380 Georgii,
1130 3295 1293 3364 ..decani
1317 3315 1356 3361 ac
1374 3348 1380 3360 .
1397 3352 1403 3364 .
1421 3295 1554 3376 plebani
1577 3297 1799 3378 predictorum
1821 3294 1893 3362 lore
1919 3296 2055 3380 sigillan-

407 3409 491 3472 dam.
539 3406 578 3471 In
603 3404 695 3470 cuius
719 3404 768 3470 rei
791 3403 1013 3470 testimonium
1037 3423 1097 3470 nos
1123 3458 1155 3472 ..
1182 3410 1298 3469 cantor
1322 3401 1510 3484 sepedictus
1534 3403 1636 3468 eciam
1661 3412 1808 3470 nostrum
1833 3403 1975 3487 sigillum
1990 3419 2055 3484 pre

408 3513 556 3578 sentibus
580 3511 695 3578 litteris
718 3511 869 3577 duximus
894 3510 1153 3594 appendendum.
1202 3511 1322 3576 Actum
1347 3516 1380 3574 et
1401 3512 1513 3576 datum
1530 3529 1616 3576 anno
1633 3511 1756 3577 domini
1771 3513 1812 3577 rb.
1827 3509 1893 3576 ced.
1908 3489 2052 3588 XXXi',

407 3617 493 3685 lenia
516 3618 623 3685 tercia
646 3617 794 3700 proxima
818 3623 894 3701 post
918 3617 1113 3683 dominicam
1136 3617 1219 3683 Esto
1243 3616 1349 3682 michi.

623 3761 670 3815 Or.
684 3761 772 3832 Ppmt.
810 3761 875 3814 Nur
900 3759 944 3813 die
969 3759 1035 3812 awai
1054 3765 1141 3814 maten
1160 3759 1248 3829 δίεμαι
1267 3759 1331 3823 (clas
1349 3759 1495 3814 sweitcrbt
1515 3759 1681 3829 bercbdda'pt)
1701 3761 1873 3829 conponas.
1912 3761 1950 3814 St.
1964 3762 1996 3813 A.
2009 3757 2051 3812 rr.

673 3848 886 3914 Lcoubardstist
905 3848 957 3904 No.
971 3851 1014 3901 27.

406 4137 498 4214 516.
526 4145 729 4211 Gezeaaasen
758 4149 824 4209 tritt
854 4145 922 4210 dem
954 4145 1070 4210 Raude
1099 4146 1155 4209 der
1184 4145 1292 4209 sudore
1322 4143 1516 4226 Franksari,
1541 4143 1718 4229 Friedberp
1749 4144 1817 4207 und
1840 4143 1977 4209 Wtdelar
2004 4144 2050 4206 bei.

525 4257 611 4318 1335
635 4253 734 4318 Mitrz
756 4258 810 4316 24.
875 4257 877 4262 ’

512 4393 586 4461 Wir
604 4397 663 4460 der
679 4393 860 4476 scilteize‚⁰
883 4394 1013 4478 scelicn,
1040 4397 1097 4461 der
1113 4401 1167 4460 rat
1184 4397 1248 4460 und
1266 4394 1318 4461 die
1335 4399 1405 4460 stat
1420 4393 1568 4477 gemeine
1585 4412 1624 4458 zu
1642 4392 1875 4476 Gevlenlrusen
1891 4394 2051 4458 bekennen

405 4505 472 4568 und
502 4502 639 4568 verihen
669 4500 840 4568 ulleniiche
871 4521 914 4568 an
945 4504 1056 4568 dusem
1087 4501 1314 4586 genwortigen
1344 4499 1430 4566 brife
1461 4501 1547 4567 allen
1571 4503 1644 4582 den,
1670 4499 1722 4565 die
1747 4498 1806 4587 [in]
1832 4501 1933 4566 seben
1956 4493 2050 4586 older]

405 4611 508 4675 horen
537 4609 638 4689 lesen,
663 4609 725 4674 daz
749 4609 810 4675 wir
833 4627 893 4674 uns
917 4609 1079 4692 vorstrigt
1102 4611 1168 4674 und
1192 4607 1357 4676 vorstrich
1380 4607 1481 4673 habin
1505 4626 1545 4672 zu
1569 4609 1632 4672 den
1656 4625 1815 4688 ersomen,
1840 4607 1942 4674 wisen
1963 4606 2051 4671 luder

407 4717 470 4782 den
493 4715 567 4782 drin
598 4717 714 4781 steden
737 4713 993 4796 Franckenfort,
1018 4715 1202 4799 Frideberg
1224 4718 1290 4780 und
1307 4715 1446 4780 Wetflar
1476 4713 1510 4779 in
1535 4712 1609 4779 allir
1633 4716 1691 4780 der
1714 4711 1819 4780 forme
1843 4717 1908 4780 und
1932 4713 1964 4779 in
1986 4709 2051 4778 allir

406 4823 464 4888 der
488 4822 557 4903 wiS,
583 4822 632 4888 als
657 4821 703 4888 sie
727 4821 756 4887 ir
780 4821 992 4888 strickebriie
1015 4822 1114 4888 undir
1137 4821 1287 4888 einandir
1310 4820 1452 4905 gegebin
1469 4822 1534 4888 han
1551 4824 1637 4887 unde
1654 4820 1701 4886 sie
1718 4840 1780 4886 uns
1797 4823 1856 4886 der
1872 4817 2050 4900 strickimge

406 4928 459 4995 ein
489 4926 628 4994 uzscrift
657 4928 797 5012 gegebin
827 4929 919 4998 hant.
967 4929 1061 4995 Unde
1092 4928 1211 4996 wollen
1241 4931 1303 4995 dar.
1334 4930 1426 4995 stede
1450 4925 1593 4995 haldend
1617 4948 1679 4994 ane
1703 4927 1889 4994 allirhande
1912 4924 2049 5010 argelist.

406 5037 454 5102 Zu
484 5034 633 5102 urkiinde
663 5038 729 5101 und
760 5055 800 5101 zu
831 5033 985 5118 festunge
1016 5035 1105 5102 dirre
1136 5036 1233 5120 dinge
1264 5055 1300 5101 so
1331 5037 1436 5118 geben
1468 5034 1529 5102 wir
1559 5037 1662 5101 dusen
1693 5032 1760 5100 brif
1789 5034 1938 5118 versigilt
1964 5031 2050 5098 undir

405 5161 531 5207 unserm
562 5162 683 5226 grozen
713 5141 901 5226 ingesigele.
949 5143 1017 5208 Der
1048 5142 1188 5227 gegebin
1219 5143 1264 5208 ist
1295 5143 1380 5208 nach
1404 5141 1532 5209 Cristus
1563 5141 1700 5226 gebbrte
1724 5140 1985 5208 drinenhiindert
2004 5137 2050 5202 ier

405 5249 439 5315 in
470 5251 561 5315 deme
591 5247 948 5333 lunieunddrizigisten
980 5249 1060 5330 iare,
1084 5247 1122 5316 ui
1145 5251 1256 5316 Unser
1270 5250 1436 5315 Vrauwen
1468 5248 1570 5330 abint,
1596 5248 1645 5314 als
1669 5248 1699 5314 ir
1722 5252 1781 5314 der
1804 5247 1891 5332 engil
1916 5247 1964 5313 die
1986 5246 2050 5309 bot-

406 5353 517 5421 schaft
540 5359 596 5422 det
618 5355 711 5439 nunt,
737 5359 798 5423 daz
822 5356 851 5423 si
875 5362 932 5440 got
955 5360 1022 5423 und
1045 5359 1219 5423 menschen
1244 5358 1386 5440 geberen
1411 5354 1510 5422 solde.

622 5498 668 5553 Or.
682 5499 780 5570 Ppmt,
798 5499 969 5554 stellcnweise
989 5499 1150 5568 bcscbddiqt.
1188 5499 1250 5553 Dar
1268 5498 1356 5568 Sieqel
1374 5498 1410 5552 ist
1429 5499 1607 5569 auspera'ssen.
1645 5498 1684 5552 St.
1699 5499 1734 5552 A.
1748 5497 1877 5553 Wenlar.

621 5589 720 5643 (ledat
739 5589 856 5654 Reimer,
877 5589 920 5656 II,
940 5591 996 5642 407
1011 5588 1082 5642 nach
1100 5589 1159 5641 dean
1180 5587 1226 5642 Or.
1265 5587 1337 5640 Hier
1355 5586 1519 5642 uu'ederbolt.

625 5677 718 5732 Vera:
736 5677 781 5744 B,
800 5677 865 5746 Rep.
880 5678 962 5744 Lod,
981 5677 1181 5743 Landsricden,
1200 5676 1253 5730 No.
1270 5679 1321 5728 106
1339 5677 1409 5729 narb
1428 5677 1486 5730 dem
1508 5676 1553 5730 Or.
1575 5719 1581 5730 .

673 5831 697 5876 ι)
711 5825 751 5870 Or.
767 5825 894 5880 ,ἀιιοοίιινΙ
923 5827 948 5877 b)
963 5826 1004 5870 Or.
1020 5825 1203 5880 ,contingunt
1231 5832 1254 5875 c)
1269 5825 1310 5868 Or.
1325 5813 1463 5876 ‚nricltetaa
1490 5823 1514 5878 d)
1530 5824 1571 5867 Or.
1587 5823 1693 5877 ,heldat
