4436 6404
377 365 444 432 224
922 365 991 418 1326
1010 363 1132 420 Februar
1151 367 1185 418 27
1205 395 1236 405 —
1258 365 1424 420 maelium
1443 366 1484 420 12.

377 549 469 628 292.
495 559 559 626 Du
583 560 736 643 Bischo'fc
769 583 826 626 uon
849 563 953 626 Sulcis
983 563 1049 626 uad
1069 562 1201 627 Verisso
1224 564 1320 646 geben
1344 563 1408 645 ores
1428 563 1536 628 Buten
1558 565 1615 628 (ier
1637 565 1781 648 Bepbr'nc
1806 566 1945 630 Gertrud
1969 587 2031 630 ears

387 707 393 714 -
495 665 681 749 Fronkfurt
703 669 762 732 den
786 669 970 734 Besucberu
993 671 1059 733 und
1083 670 1294 734 Wolclllcdlcru
1317 671 1372 734 der
1392 672 1436 734 Sl.
1454 669 1823 736 Bartholouroeuslctrcbe
1845 675 1886 736 au
1903 671 1936 735 F
1935 673 2030 738 raalc-

483 773 566 854 'furt
589 778 677 838 circen
701 778 948 859 omraiptdplpcu
971 776 1100 840 Abluss.
1148 776 1240 853 Rom,
1267 783 1353 839 1326
1376 777 1525 841 Februur
1547 783 1600 841 27.

485 913 657 980 Universis
693 914 816 980 Christi
854 915 1003 982 fidelibus
1039 923 1210 998 presentes
1245 915 1366 982 litteras
1401 917 1602 998 inspecturis
1637 916 1744 984 frater
1778 919 1940 1002 Angelus,
1979 919 2032 984 dei

377 1018 490 1103 gracia
506 1019 693 1086 Sulcitanos
717 1019 889 1102 episcopus
914 1042 952 1087 ae
976 1021 1098 1088 domini
1121 1042 1205 1104 pape
1230 1021 1497 1104 penitenciarius
1524 1030 1557 1088 et
1573 1023 1679 1090 trater
1695 1027 1890 1107 Stephanus
1917 1029 2032 1091 eadem

379 1124 491 1207 gracia
515 1125 684 1191 Veriensz's
715 1127 901 1208 episcopua,
935 1128 1074 1193 salutem
1104 1128 1137 1193 in
1168 1128 1305 1193 domino.
1361 1129 1531 1212 Quoniam,
1563 1137 1600 1194 ut
1631 1131 1678 1196 ait
1708 1132 1886 1213 apostolus,
1919 1150 2031 1196 omnes

379 1231 541 1296 stabimus
564 1239 642 1297 ante
667 1231 810 1298 tribunal
829 1223 951 1299 Christi
974 1233 1150 1315 recepturi,
1177 1241 1274 1316 prout
1299 1234 1332 1298 in
1356 1255 1493 1316 corpore
1513 1236 1683 1319 gessimus
1708 1237 1777 1303 sive
1793 1239 1912 1302 bonum
1929 1235 2054 1302 luerit'

379 1337 449 1403 sive
479 1338 609 1419 malum,
635 1344 765 1420 oportet
795 1359 855 1404 nos
886 1339 969 1404 diem
1000 1339 1170 1406 messionis
1202 1349 1346 1406 extreme
1370 1341 1593 1408 misericordie
1618 1343 1771 1424 operibns
1795 1343 1968 1424 prevenire
1993 1363 2032 1408 ac

379 1451 566 1510 eternorum
596 1444 718 1510 intuitu
751 1444 911 1510 seminare
940 1445 973 1510 in
1005 1447 1113 1527 terris,
1138 1451 1222 1528 quod
1247 1451 1405 1513 reddente
1429 1447 1557 1514 domino
1582 1469 1653 1514 cum
1677 1449 1895 1531 multiplicato
1919 1447 2033 1514 fructu

379 1550 570 1632 recolligere
600 1553 768 1617 valeamus
797 1552 831 1616 in
863 1552 950 1616 celis.
975 1553 1100 1618 firmam
1125 1573 1215 1634 spem
1238 1553 1453 1636 fiduciamque
1478 1560 1640 1635 tenentes
1657 1555 1827 1646 ¹quoniam,
1854 1556 1908 1637 qui
1931 1576 2032 1637 parce
2103 1640 2105 1643 Ι

380 1655 529 1737 seminat,
562 1677 660 1738 parce
693 1665 726 1724 et
756 1665 866 1740 metet,
899 1667 932 1724 et
963 1660 1018 1740 qui
1048 1660 1188 1726 seminat
1217 1661 1251 1726 in
1282 1660 1579 1742 benediccionibus,
1612 1665 1651 1726 de
1681 1661 1968 1728 benedictionibus
2000 1671 2033 1727 et

379 1769 481 1827 metet
511 1763 614 1829 vitam
645 1772 801 1830 eternam.
850 1767 929 1830 Cum
960 1765 1127 1848 igiturex
1156 1775 1250 1848 parte
1275 1767 1457 1832 Gerdrudis
1481 1769 1598 1850 begine
1623 1771 1662 1834 de
1686 1767 1913 1834 Frankenfort
1936 1769 2032 1834 nobis

379 1865 481 1933 fuerit
504 1869 669 1935 humiliter
693 1870 923 1953 supplicatum,
950 1878 986 1936 ut
1011 1873 1158 1970 omnibus
1182 1874 1389 1940 venientibus
1414 1878 1455 1940 ad
1480 1875 1687 1956 parrochiam
1703 1875 1793 1940 beati
1808 1875 2031 1940 Bartholomei

379 1974 413 2039 in
437 1973 664 2042 Frankenlort
687 1977 878 2060 hlaguntine
902 1978 1041 2044 diocesis
1065 1981 1201 2046 velimus
1225 1981 1465 2064 indulgenciam
1491 1981 1653 2055 exhibere,
1680 2001 1739 2046 nos
1763 2002 1840 2047 vero
1866 1985 1905 2048 de
1929 1983 2032 2048 omni-

381 2081 525 2162 potentis
556 2082 608 2146 dei
639 2083 862 2150 misericordia
892 2105 931 2150 ac
962 2088 1132 2152 beatorum
1162 2087 1255 2153 Petri
1286 2095 1319 2152 et
1343 2088 1447 2167 Pauli,
1474 2089 1696 2169 apostolorum
1727 2089 1806 2168 eius
1832 2087 2033 2154 auctoritate

382 2187 504 2268 confisi,
536 2189 684 2254 omnibus
715 2211 791 2256 vere
823 2191 1048 2271 penitentibus
1079 2201 1114 2257 et
1144 2191 1314 2274 confessis
1347 2194 1401 2274 qui
1432 2194 1484 2260 vel
1515 2214 1576 2275 que
1608 2195 1789 2276 predictam
1822 2195 2034 2261 visitaverint

382 2295 598 2376 parrochiam,
625 2295 656 2360 in
688 2295 790 2376 ipsius
821 2295 1062 2364 festivitatibus
1093 2319 1150 2365 seu
1181 2301 1283 2365 eciam
1312 2301 1609 2383 sollempnitatibus
1633 2305 1731 2366 beate
1755 2302 1859 2367 Maria
1884 2301 2033 2384 virginis,

381 2400 569 2466 nativitatis
593 2402 722 2484 domini,
755 2403 1019 2486 circumcisionis,
1052 2407 1235 2488 epiphanie,
1261 2408 1525 2488 resurreccionis,
1552 2408 1765 2488 ascensionis,
1791 2410 2032 2490 penthecostes,

382 2506 554 2590 trinitatis
580 2509 687 2574 sancti
711 2511 873 2575 Jobannis
904 2512 1060 2593 baptiste,
1087 2520 1272 2578 sanctorum
1299 2514 1389 2580 Petri
1412 2525 1445 2578 et
1468 2514 1562 2580 Pauli
1586 2515 1808 2596 apostolorum
1833 2514 2033 2596 aliorumque

382 2615 605 2695 apostolorum
629 2623 662 2681 et
686 2618 983 2700 evangelistarum,
1010 2619 1117 2684 sancti
1142 2621 1311 2703 Stephani,
1338 2621 1446 2686 saneti
1468 2622 1605 2697 Nicolai,
1632 2621 1739 2687 saneti
1755 2607 2034 2702 Martini,sancti

382 2720 569 2803 Laurencii,
603 2723 711 2789 sancti
740 2723 917 2806 Leonardi,
952 2733 1066 2791 sancte
1097 2727 1288 2808 Cerdrudis,
1323 2737 1437 2794 sancte
1469 2729 1662 2806 Τιιοιιιιιθ,ει
1696 2732 1811 2793 sancte
1841 2729 2032 2806 Katherine,

383 2836 497 2893 sancte
525 2828 630 2893 Marie
653 2829 859 2912 Magdalcne,
892 2839 1006 2896 sancta
1031 2833 1231 2914 lllargarete,
1264 2841 1378 2898 sancte
1402 2835 1586 2908 Elizabeth,
1620 2841 1733 2900 sancte
1759 2834 1887 2916 Cecilie,
1920 2842 2035 2900 sancte

383 2933 488 2999 Odilie
520 2941 553 2999 et
583 2934 694 3014 Lucie,
726 2935 758 3001 in
791 2935 877 3002 testo
909 2939 1055 3019 corporis
1080 2939 1213 3021 Christi,
1236 2939 1271 3030 jn
1303 2941 1512 3006 dedicaeioue
1544 2942 1689 3015 ecclesie,
1713 2943 1747 3006 in
1778 2942 1863 3007 testo
1895 2942 2035 3007 omnium

383 3046 581 3122 sanctorum,
607 3041 639 3106 in
671 3042 723 3107 die
755 3043 935 3109 animarum
966 3065 1005 3109 ac
1036 3065 1094 3126 per
1125 3066 1235 3111 eorum
1260 3055 1398 3113 octavas
1421 3067 1600 3128 manusque
1625 3049 1833 3129 porrexerint
1857 3048 2034 3113 adjutrices

384 3147 426 3210 ad
457 3145 628 3228 fabricam,
653 3149 827 3215 luminaria
859 3171 915 3216 seu
948 3158 1202 3233 preparamenta
1226 3154 1362 3220 ecclesie
1387 3155 1588 3236 supradicte,
1613 3155 1666 3220 vel
1690 3154 1744 3234 qui
1769 3174 1887 3236 corpus
1912 3154 2035 3220 Christi

384 3253 488 3317 secuti
519 3251 653 3325 luerint,
679 3276 751 3320 cum
782 3263 936 3336 portatur
967 3259 1112 3338 infirmis,
1139 3260 1274 3340 quilibet
1300 3267 1446 3324 nostrum
1472 3262 1514 3325 vl.
1538 3261 1607 3326 dies
1632 3265 1671 3327 de
1695 3260 1850 3326 iniunctis
1875 3260 1922 3326 eis
1946 3260 2036 3342 peni-

299 3446 302 3454 Ι
387 3358 505 3424 tenciis
537 3360 791 3427 misericorditer
822 3363 855 3427 iu
886 3365 1013 3430 domiuo
1045 3368 1241 3446 relaxamus,
1267 3370 1438 3432 dummodo
1471 3369 1666 3434 diocesanos
1698 3374 1824 3450 prestet
1855 3387 2034 3432 assensum.

329 3473 331 3476 ’
384 3464 423 3528 In
448 3465 541 3530 cuius
565 3467 613 3532 rei
637 3467 856 3536 testimonium
874 3480 1043 3551 presentes
1059 3473 1183 3539 litteras
1200 3475 1270 3540 fieri
1287 3472 1422 3540 lecimus
1439 3474 1617 3558 sigillorum
1634 3483 1820 3540 nostrorum
1836 3473 2036 3556 appensione

385 3571 536 3638 munitas.
586 3575 707 3640 Datum
738 3576 850 3654 Rome,
883 3598 968 3643 anno
1000 3579 1121 3645 domini
1149 3583 1188 3646 dr.
1212 3576 1273 3646 ech.
1296 3581 1436 3651 xxvi..
1461 3583 1581 3647 mensis
1611 3579 1771 3648 februarii
1801 3581 1852 3646 die
1876 3581 2034 3661 XXVH,

385 3679 596 3759 pontificatus
621 3681 820 3748 sanctissimi
845 3685 949 3766 patris
974 3693 1007 3750 et
1024 3687 1144 3752 domini
1160 3688 1279 3754 domini
1296 3691 1319 3753 J
1321 3689 1459 3754 ohannis
1476 3708 1561 3770 pape
1579 3690 1694 3755 XXII.
1713 3708 1798 3754 anno
1815 3688 1884 3754 eius
1902 3689 2035 3754 decimo.

598 3825 740 3890 Absclartl't
759 3831 814 3891 (15.
828 3827 939 3892 Jahrb.)
960 3829 989 3880 iu
1009 3829 1319 3897 Rartlu-b'ltft-Rdcbcr,
1338 3832 1413 3884 Seria
1432 3832 1451 3884 1
1469 3832 1521 3884 No.
1536 3829 1590 3884 22b
1610 3833 1702 3895 1:195.
1740 3831 1779 3884 St.
1793 3831 1826 3884 A.
1843 3831 1892 3883 Fr.

386 4223 476 4300 293.
503 4235 667 4300 Rulumuu
686 4260 741 4302 rou
758 4237 924 4325 Llrubrup,
942 4241 1144 4316 Sellultbcr‘ss,
1169 4243 1219 4305 dic
1236 4243 1497 4326 Br'byrruuisler,
1515 4245 1565 4306 ‹llr
1581 4245 1725 4323 Sebdlleu
1744 4244 1807 4306 alu
1823 4243 1879 4306 dcl·
1895 4244 1983 4308 Rutu
1997 4265 2036 4306 au

505 4341 687 4423 Fruabfurt
711 4346 911 4410 lurulcululeu
934 4347 994 4412 dos
1016 4369 1072 4411 oon
1089 4348 1236 4412 Albrcrbt
1253 4351 1316 4430 nul
1328 4351 1384 4413 dcl·
1401 4350 1555 4429 Hofstutl,
1581 4351 1747 4413 boscedera
1762 4373 1803 4412 arc
1823 4351 1967 4415 (tetradem
1983 4351 2037 4413 des

508 4449 912 4533 luilly-(leatllospuols
937 4455 991 4518 cles
1008 4456 1051 4519 Sl.
1067 4455 1432 4536 Bortlcolomaeusslifls,
1450 4458 1504 4518 das·
1521 4456 1814 4536 Ll'rbfruucaste'sls,
1832 4457 1888 4520 der
1904 4455 2037 4536 Kapelle

504 4552 568 4636 creos
589 4557 643 4619 der
662 4557 798 4627 Brir'clce,
823 4561 877 4623 dds
897 4562 1127 4644 inprobamus·
1151 4585 1256 4626 armet·
1272 4563 1376 4642 Lrutr,
1401 4568 1484 4627 rirlcs
1502 4565 1792 4647 Brybr'ueubouses,
1817 4565 1873 4626 der
1890 4563 2037 4628 Maium·

503 4661 689 4728 Krutbuuse
720 4668 785 4728 arrad
815 4668 871 4730 do·
894 4669 1051 4752 spolsuop
1085 4692 1140 4732 rou
1164 4671 1294 4748 Araura,
1326 4671 1485 4734 erricldrtr
1517 4671 1702 4734 Toumar.
1752 4676 1838 4734 1326
1864 4670 1961 4733 Mlius
1986 4675 2035 4733 12.

494 4803 616 4868 Datum
647 4823 705 4884 por
736 4806 862 4886 copiam
886 4810 952 4872 sub
984 4809 1089 4891 sigillo
1120 4811 1327 4892 prepositure.
1357 4813 1691 4892 Frankrus'mvleasls:
1714 4791 1784 4875 lllir
1808 4809 1950 4874 Rulman
1974 4828 2035 4874 von

386 4906 569 4992 Limpburg
599 4911 836 4994 scbultbeyzse,
868 4914 919 4979 dic
945 4969 976 4979 ..
1003 4918 1299 5000 burgermeystere,
1318 4921 1344 5002 ll
1362 4919 1413 4982 die
1439 4971 1471 4982 ..
1497 4917 1627 4982 scbelliu
1660 4920 1745 4982 unde
1775 4919 1889 4983 der..
1915 4922 1969 4981 rat
1999 4914 2037 4981 zri

387 5014 626 5096 Frankenford,
653 5019 824 5084 bekenuen
848 5020 987 5086 uffinbar
1011 5043 1053 5088 an
1078 5023 1197 5088 diesem
1223 5023 1327 5089 briola
1352 5024 1439 5102 alliu,
1466 5024 1518 5088 die
1535 5023 1575 5089 ub
1594 5024 1644 5089 sin
1661 5027 1737 5088 ader
1753 5043 1877 5088 ummer
1894 5023 2037 5088 bernach

386 5121 548 5204 hummeu,
572 5124 599 5206 ss
617 5123 668 5188 die
699 5125 730 5188 in
764 5126 871 5190 sebint
895 5131 975 5192 ader
999 5131 1116 5194 herent
1140 5131 1232 5210 lesin,
1259 5134 1320 5195 daz
1345 5134 1402 5195 der
1427 5132 1630 5212 besclrepden
1655 5150 1730 5195 man
1753 5130 1896 5194 Albraht
1920 5127 1957 5192 ul
1981 5132 2039 5194 der

386 5227 562 5310 Hovestat,
587 5250 667 5294 unse
697 5233 827 5314 burger,
854 5255 912 5300 vor
935 5254 996 5299 uns
1021 5256 1063 5300 an
1094 5240 1186 5300 unslr
1217 5236 1490 5319 geinllwortikeit
1516 5243 1608 5302 stunt
1631 5239 1697 5300 trud
1721 5242 1831 5300 saczte
1856 5243 1952 5300 solon
1977 5236 2039 5300 sel-

387 5337 515 5415 gerede,
542 5337 590 5400 als
621 5337 765 5403 hernach
796 5346 862 5404 stet
893 5342 1091 5424 gescbribin,
1117 5362 1156 5407 zu
1184 5343 1257 5407 lobe
1289 5347 1354 5408 und
1385 5343 1423 5409 ab
1455 5344 1524 5408 erin
1555 5361 1686 5408 unseme
1710 5341 1822 5407 herrin
1845 5344 1929 5422 gode
1953 5345 2039 5407 unde

389 5441 490 5506 Unsir
513 5444 677 5508 Frauwen
708 5449 792 5510 unde
824 5447 886 5512 alle
919 5449 1173 5532 godeslreyligen
1207 5452 1291 5514 unde
1322 5449 1360 5514 ull
1390 5457 1495 5514 troste
1527 5449 1577 5514 sin
1608 5453 1692 5514 unde
1723 5448 1811 5514 siner
1834 5445 2038 5513 busirouwin

387 5549 535 5632 Albeyde
553 5550 643 5615 selin.
682 5555 725 5631 (1)
742 5551 790 5617 Zb
807 5556 877 5618 dem
896 5561 1005 5620 ersten
1023 5557 1121 5621 satuit
1137 5577 1173 5620 er
1190 5555 1284 5620 einen
1303 5556 1444 5622 altered
1461 5558 1617 5622 macheue
1635 5555 1667 5620 in
1685 5558 1756 5619 dem
1776 5554 1897 5637 Sychin
1913 5553 2037 5636 Spitale

387 5659 578 5743 uzewendig
601 5661 673 5723 dem
697 5660 777 5726 korc
802 5662 905 5726 under
929 5665 990 5726 daz
1015 5683 1121 5744 cruce,
1146 5665 1232 5728 unde
1257 5667 1317 5728 deu
1343 5664 1430 5728 altar
1455 5664 1504 5728 sal
1526 5683 1601 5728 inan
1625 5661 1724 5728 wilrin
1748 5662 1781 5726 in
1805 5663 1858 5726 lob
1882 5664 1967 5727 unde
1984 5679 2037 5726 ere

656 5858 680 5903 a)
696 5853 744 5897 Sol
