4414 6402
891 316 961 370 1318
980 316 1057 384 April
1077 317 1100 370 3.
1155 397 1156 400 Ἴ
1780 317 1823 383 89

173 523 220 584 est
248 516 320 598 ipse
353 521 386 582 et
411 535 475 582 non
499 517 585 582 alius
610 515 822 582 communiter
846 535 905 598 pro
929 521 1058 580 rectore
1082 513 1186 596 ipsius
1210 513 1346 580 ecclesie
1369 533 1427 579 sau
1451 513 1590 595 plebano
1614 513 1684 580 sive
1708 520 1823 580 curato

176 629 231 690 aut
254 626 429 689 sacerdote
453 621 669 705 parrochialis
694 623 829 688 ecclesie
854 621 934 688 dicti
956 622 1030 696 loci,
1056 641 1117 703 que
1142 621 1249 687 omnia
1273 620 1508 702 equiparentur
1530 620 1564 685 in
1586 621 1657 686 iure
1682 627 1715 686 et
1739 619 1825 686 idem

172 730 361 812 important,
388 736 486 812 prout
509 731 570 795 hec
594 729 689 812 plene
713 735 831 812 patent
856 730 891 796 in
916 729 1156 797 constitucione
1180 747 1240 810 per
1263 727 1371 794 lelicis
1393 727 1637 796 recordacionis
1662 730 1824 809 quondam

171 837 332 903 dominum
355 835 566 904 Boniiacium
592 893 597 906 .
619 891 624 902 .
650 856 770 919 papam
802 843 953 905 octavum
985 837 1117 918 editam,
1143 856 1205 916 que
1228 835 1359 917 incipit:
1389 835 1513 918 „Super
1536 835 1764 916 kathedraml,
1791 841 1824 900 et

170 945 202 1011 in
226 947 368 1026 quadam
392 944 459 1011 alia
483 943 720 1011 constitucione
744 947 907 1026 quondam
931 943 1053 1011 domini
1075 943 1247 1010 Benedicti
1269 944 1353 1009 bone
1377 942 1530 1009 memorie
1554 961 1639 1024 pape
1665 940 1736 1023 xi,
1762 961 1824 1023 que

170 1053 302 1134 incipit:
334 1053 446 1136 „Inter
477 1054 646 1133 cunctes“,
673 1071 734 1134 que
763 1056 814 1118 est
839 1058 972 1118 cassata
997 1057 1029 1116 et
1053 1050 1185 1133 penitus
1209 1052 1372 1134 abrogata
1395 1056 1465 1116 tam
1488 1069 1547 1131 per
1570 1047 1724 1133 generale
1749 1067 1824 1114 con·

171 1158 278 1225 cilium
310 1162 397 1241 apud
416 1159 576 1226 Viennam
603 1180 662 1242 per
686 1161 849 1240 quondam
873 1159 1071 1227 Clementem
1095 1178 1216 1240 papam
1240 1157 1387 1239 quintum
1411 1155 1588 1224 novissime
1613 1156 1823 1238 celebratum,

171 1286 266 1348 quam
291 1287 351 1349 per
375 1266 538 1334 dominum
554 1268 741 1333 Johannem
765 1285 852 1332 nuuc
876 1285 996 1348 papam
1015 1266 1140 1346 XXII.‚
1166 1265 1222 1332 ubi
1245 1263 1348 1332 eciam
1372 1264 1463 1331 dicta
1485 1263 1679 1330 constitucio
1700 1262 1825 1348 „Super

172 1374 382 1440 1111111111111α
410 1380 577 1454 tamquam
602 1373 811 1440 racionabilis
836 1380 935 1454 atque
958 1373 1048 1439 iusta
1071 1375 1257 1454 approbata
1281 1371 1396 1438 extitit
1418 1373 1460 1436 ab
1477 1370 1625 1437 omnibus
1642 1377 1675 1436 ct
1691 1376 1826 1452 recepta

172 1487 204 1546 et
227 1500 290 1561 que
314 1481 452 1546 inantea
477 1486 510 1546 et
534 1478 658 1546 futuris
682 1480 894 1563 temporibus
920 1477 1051 1562 prelato
1075 1499 1161 1546 nunc
1186 1498 1308 1546 summo
1392 1477 1547 1560 pontifice
1562 1479 1749 1558 mandante⁷
1774 1484 1827 1542 est

170 1589 210 1652 ab
234 1587 369 1652 obedire
393 1587 579 1653 volentibus
604 1593 637 1652 et
660 1607 774 1654 veram
798 1607 837 1653 ac
862 1588 1100 1653 11111111111111ει
1124 1587 1220 1652 fidem
1245 1585 1429 1653 colentibus
1452 1584 1591 1652 firmiter
1607 1585 1824 1651 observanda.

171 1695 263 1760 [ude
294 1694 324 1759 si
353 1693 610 1776 transaricus,
637 1693 690 1760 cui
721 1693 862 1763 dicti..
888 1694 1069 1777 gaucilenus
1101 1701 1135 1760 et
1165 1687 1289 1759 iratres
1321 1699 1467 1773 tempore
1492 1690 1542 1756 sui
1566 1689 1737 1774 regiminis
1760 1709 1826 1757 non

169 1801 277 1883 semel,
311 1803 369 1866 sed
400 1801 525 1882 pluries
556 1807 723 1882 tamquam
753 1801 876 1867 rectori
907 1801 977 1867 sive
1004 1853 1035 1866 ..
1061 1801 1201 1883 plebano
1233 1801 1535 1866 Fraukeooordeasi
1564 1796 1731 1864 funeralis
1762 1797 1827 1864 sibi

168 1909 282 1974 debita
307 1908 547 1990 persolverunt,
573 1927 607 1974 se
632 1928 697 1974 non
721 1919 893 1990 rectorem,
919 1911 976 1973 sed
1003 1962 1033 1977 ..
1060 1908 1244 1990 plebanum,
1271 1913 1329 1972 aut
1354 1912 1514 1986 curatum,
1540 1911 1598 1971 aut
1621 1909 1827 1972 sacerdotem
1854 1958 1857 1965 .

168 2015 389 2098 parrochialis
421 2015 558 2081 ecclesie
589 2015 791 2081 nominasset
819 2015 854 2080 in
877 2014 992 2080 litteris
1016 2014 1218 2096 apostolicis,
1244 2010 1472 2079 nichilominus
1496 2012 1681 2078 huiusmodi
1703 2012 1827 2079 litteras

168 2129 383 2207 reportasset.
424 2123 473 2208 (3)
489 2123 647 2189 Preterea
671 2141 735 2188 non
752 2124 873 2200 obstat,
899 2125 983 2202 quod
1001 2121 1202 2205 excipientes
1218 2119 1328 2201 inique
1345 2119 1501 2199 obiciunt,
1527 2119 1649 2185 dictum
1665 2125 1826 2186 rectorem

167 2233 312 2312 quadam
336 2229 574 2295 constitucione
598 2248 684 2294 nunc
701 2229 825 2295 domini
840 2230 863 2295 J
866 2227 1004 2294 ohannis
1021 2248 1105 2310 pape
1125 2228 1250 2309 XXII.‚
1276 2247 1338 2309 que
1355 2227 1580 2308 pluralitatem
1595 2226 1827 2294 beneficiorum

145 2338 352 2421 improbet,
387 2337 462 2418 ipsa
495 2335 636 2402 ecclesia
669 2337 971 2402 Frankeaoordeasc'
1002 2333 1074 2402 iore
1107 2335 1291 2418 privatum,
1326 2337 1427 2416 quod,
1463 2335 1557 2400 salva
1589 2333 1827 2416 excipiencium

167 2448 356 2526 honestate,
383 2464 449 2510 uon
473 2451 524 2510 est
548 2443 607 2526 ita,
634 2444 711 2524 quia
735 2443 825 2509 dicta
849 2443 1046 2510 constitucio
1071 2442 1195 2508 dictum
1217 2449 1379 2509 rectorem
1402 2460 1467 2508 non
1491 2442 1602 2526 tangit
1618 2441 1689 2508 sive
1705 2447 1827 2524 gravat

166 2552 199 2618 in
231 2551 352 2632 aliquo.
402 2553 496 2617 Unde
527 2550 557 2615 si
587 2553 723 2616 eandem
755 2549 1026 2616 constitucionem
1057 2550 1211 2617 viderunt
1235 2555 1268 2616 et
1291 2547 1378 2615 lo'rte
1402 2551 1563 2633 legerunt,
1587 2549 1693 2629 ipsam
1717 2556 1828 2614 tamen
1872 2553 1874 2556 ’

166 2679 233 2725 non
265 2678 346 2724 sene
376 2658 621 2738 intellexerunt,
647 2677 706 2722 nec
737 2657 936 2740 intelligunt,
962 2659 1019 2723 sed
1049 2657 1175 2722 utinam
1207 2663 1362 2740 saperent
1391 2665 1424 2723 et
1448 2656 1670 2739 intelligerent
1694 2655 1827 2735 suisque

168 2765 387 2832 conscienciis
411 2763 446 2830 in
469 2763 617 2846 presenti
640 2763 777 2846 negocio
794 2764 972 2830 salubriter
988 2764 1209 2847 providerent.
1257 2765 1370 2844 Neque
1387 2765 1640 2846 pretereundum
1656 2769 1717 2843 est,
1742 2764 1827 2843 quod

167 2872 253 2940 dieti
285 2871 488 2954 excipientes
520 2871 669 2937 iudicare
699 2870 859 2953 volentes,
885 2873 970 2953 quod
1000 2871 1147 2936 iudicare
1170 2891 1235 2936 non
1260 2872 1389 2953 debent,
1415 2890 1474 2954 per
1497 2889 1615 2953 penam
1639 2869 1727 2936 dicte
1752 2889 1828 2936 con-

168 2978 359 3046 stituoionis
391 2977 555 3045 festucam
586 2981 625 3044 de
656 2978 748 3044 oculo
779 2978 918 3044 rectoris
949 2973 1073 3060 prelati
1103 2976 1329 3044 desiderantes
1360 2998 1485 3061 eruere,
1518 2997 1590 3044 cum
1621 2985 1731 3043 tamen
1761 2976 1828 3058 ipsi

169 3085 430 3153 constitutiones
461 3085 665 3167 apostolicas
697 3086 847 3167 superius
879 3086 1066 3152 nominatas
1090 3083 1123 3149 11
1146 3085 1318 3152 memorati
1341 3085 1480 3152 rectoris
1504 3092 1539 3151 et
1562 3083 1701 3150 ecclesie
1724 3103 1827 3167 grave

167 3193 387 3278 preiudicium
426 3193 564 3274 quesitis
605 3195 646 3258 ad
685 3193 746 3258 hoc
782 3192 885 3260 variis
923 3191 1217 3259 adinveucionibus
1248 3198 1282 3258 et
1314 3192 1459 3259 sinistris
1492 3190 1828 3274 interpretacionibus

168 3299 452 3383 dampnabiliterb
489 3301 667 3366 observare
703 3306 865 3365 recusent.
925 3300 974 3386 (4)
1009 3301 1161 3366 Ceterum
1196 3320 1260 3366 uon
1295 3301 1445 3381 obstant,
1482 3301 1568 3380 quod
1603 3318 1662 3380 per
1697 3301 1828 3364 eosdem

168 3407 374 3490 excipientes
397 3407 505 3473 minus
528 3407 615 3474 iuste
638 3405 842 3490 proponitur,
868 3408 953 3488 quod
976 3407 1009 3473 in
1034 3407 1104 3472 loco
1128 3408 1361 3472 Frankcoocrd
1385 3417 1552 3487 tamquam
1575 3404 1682 3471 minus
1705 3405 1829 3489 insigni

168 3535 270 3582 cause
302 3534 361 3596 per
391 3515 515 3580 litteras
546 3514 747 3596 apostolicas
778 3514 946 3580 commisse
977 3513 1048 3579 iure
1079 3513 1267 3580 1111111111ο
1296 3534 1360 3580 non
1392 3513 1520 3595 possint
1551 3531 1655 3594 neque
1686 3513 1829 3579 debeant

167 3622 337 3699 ventilari,
370 3628 504 3688 constet
533 3620 619 3688 euim
650 3641 715 3687 uon
746 3622 849 3688 solum
879 3620 959 3704 ipsis
991 3621 1230 3704 excipientibus
1260 3640 1374 3688 verum
1404 3619 1508 3686 eciam
1538 3619 1666 3685 cunctis
1696 3625 1764 3686 tam
1793 3619 1828 3685 in

170 3733 284 3796 eodem
308 3729 379 3795 loco
403 3748 501 3810 quam
526 3728 740 3795 circumcirca
757 3731 894 3794 eundem
910 3727 1015 3794 locum
1032 3727 1237 3812 degentibus,
1263 3730 1348 3809 quod
1365 3726 1501 3808 plurime
1518 3726 1713 3808 sollempnes
1729 3745 1829 3792 cause

170 3837 299 3905 virtute
323 3842 357 3902 ct
381 3835 583 3902 auctoritate
607 3835 787 3902 litterarum
811 3835 1067 3918 apostolicarum
1091 3835 1124 3900 in
1148 3837 1219 3902 loeo
1244 3841 1277 3901 et
1301 3834 1396 3916 opido
1413 3835 1645 3925 Frankecrcrd
1668 3834 1829 3900 hactenus

170 3950 251 4010 sunt
286 3949 433 4010 tractate
470 3950 504 4008 et
539 3944 645 4008 adhuc
677 3945 800 4024 absque
830 3943 919 4010 omni
948 3943 1155 4026 excepcionis
1186 3943 1317 4009 obiectu
1348 3948 1537 4008 tractantur
1568 3941 1709 4008 assidue.
1766 3941 1829 4007 Est

170 4072 312 4134 namque
336 4052 427 4117 locus
451 4050 522 4133 ipse
545 4050 678 4118 racione
702 4049 841 4132 plurium
866 4057 934 4116 tam
959 4049 1143 4132 scolarium,
1169 4069 1266 4131 quam
1283 4048 1387 4116 eciam
1403 4048 1603 4134 regularium
1619 4048 1828 4132 collegiorum

171 4168 206 4227 et
239 4165 459 4226 conventuum
491 4157 526 4222 in
559 4176 595 4223 eo
630 4143 905 4223 commorancium
933 4157 1132 4224 venerabilis
1166 4164 1199 4224 et
1232 4156 1371 4240 insignis
1405 4162 1437 4222 et
1467 4156 1501 4222 in
1531 4175 1594 4238 quo
1624 4157 1766 4222 habetur
1796 4162 1829 4220 et

169 4267 289 4334 haberi
312 4272 423 4349 potest
446 4267 611 4330 commode
636 4264 731 4346 copia
754 4263 942 4347 peritorum.
991 4265 1055 4330 Est
1078 4284 1205 4346 quoque
1228 4264 1319 4331 locus
1342 4261 1520 4346 imperialis
1545 4269 1579 4329 et
1602 4262 1712 4346 regius
1729 4269 1763 4328 et
1778 4268 1829 4328 est

169 4375 278 4442 eciam
301 4375 401 4454 locus,
427 4372 482 4454 qul
508 4426 540 4440 ..
565 4371 760 4454 principum,
787 4425 819 4437 ..
846 4371 1009 4453 comitum,
1036 4424 1067 4436 ..
1093 4373 1252 4438 baronum
1277 4371 1478 4452 aliorumque
1503 4369 1658 4436 nobilium
1675 4369 1828 4436 continuo

170 4487 351 4550 decoretur
379 4499 525 4546 accessu.
574 4481 792 4563 Quamobrem
816 4499 881 4545 non
905 4478 987 4545 satis
1012 4498 1092 4544 sano
1117 4477 1207 4544 ducti
1230 4476 1323 4544 luere
1348 4476 1492 4558 consilio,
1518 4477 1573 4558 qui
1596 4477 1700 4543 locum
1723 4477 1829 4542 Fran·

172 4591 316 4656 kene-ord
345 4608 411 4654 non
441 4587 546 4655 solum
576 4586 682 4652 minus
705 4585 876 4670 insignem,
903 4589 960 4652 sed
984 4585 1137 4652 humilem
1160 4585 1263 4652 eciam
1287 4585 1548 4666 nominaverunt,
1573 4603 1649 4650 uam
1673 4603 1732 4666 per
1756 4603 1830 4665 pre-

170 4699 275 4764 missa
305 4703 338 4762 11
368 4715 428 4778 per
457 4680 525 4761 hoc
550 4697 589 4760 111
620 4693 689 4760 eius
721 4700 853 4761 constat
883 4693 1059 4776 contrario,
1086 4695 1170 4774 quod
1202 4689 1326 4759 iratres
1349 4691 1413 4774 ipsi
1436 4712 1499 4758 nou
1524 4687 1636 4757 velut‘l
1660 4691 1695 4757 11
1718 4690 1830 4757 humili

169 4807 254 4886 loco,
272 4809 329 4871 scd
346 4803 460 4887 pocius
476 4802 631 4885 opulento
648 4802 719 4868 loco
734 4800 855 4867 ibidem
871 4820 1003 4867 manere
1021 4799 1283 4867 conventualiter
1300 4803 1527 4868 decreverunt.
1557 4800 1640 4865 Nam
1653 4799 1828 4865 secundum

171 4914 312 4998 vulgare
336 4910 561 4994 proverbium:
590 4911 739 4994 „Horrea
762 4906 897 4975 lormice
921 4912 1061 4974 tendunt
1082 4911 1123 4974 ad
1139 4907 1254 4974 inania
1270 4907 1476 4989 numquam.“
1525 4907 1593 4972 Nec
1610 4912 1687 4971 sunt
1702 4924 1829 4987 quoque

172 5024 215 5088 ad
241 5023 302 5086 hoc
326 5018 491 5097 audiendi,
518 5026 685 5098 tamquam
709 5016 946 5098 turpitudinem
971 5007 1136 5098 propriam
1153 5015 1346 5098 allegantes.
1387 5015 1434 5098 (5)
1450 5012 1615 5095 Excepeio
1632 5012 1830 5094 suspicionis

170 5127 288 5194 ultimo
313 5126 483 5210 proposita
507 5124 657 5191 similiter
680 5142 745 5189 non
770 5125 882 5189 obstat
905 5143 965 5189 nec
989 5125 1122 5189 obstare
1147 5123 1244 5188 debet
1268 5128 1435 5202 tamquam
1459 5119 1657 5187 insufficiens
1674 5126 1707 5185 et
1723 5119 1829 5186 minus

172 5255 263 5317 vera,
289 5240 422 5316 oportet
452 5251 591 5314 namque
623 5250 758 5298 causam
790 5229 986 5313 suspicionis
1009 5236 1043 5295 et
1066 5229 1289 5296 recusacionis
1314 5231 1491 5294 seeundum
1515 5227 1589 5293 iura
1613 5247 1684 5294 esse
1708 5226 1829 5293 iustam

171 5351 206 5410 11
238 5340 468 5409 rationabilem
500 5346 533 5406 et
564 5339 673 5421 talem,
700 5358 761 5420 que
793 5340 934 5419 probata
958 5339 1056 5404 debet
1079 5335 1425 5428 legittimalreputari,
1451 5334 1556 5416 qualis
1579 5354 1644 5400 nou
1668 5340 1719 5400 est
1743 5333 1827 5415 ista;

170 5449 310 5534 fingitur
341 5446 436 5528 enim,
469 5449 554 5529 quod
584 5466 653 5528 vos,
685 5445 815 5513 domine
844 5445 951 5527 iudex,
978 5445 1065 5510 dicto
1097 5443 1220 5511 rectori
1248 5442 1282 5508 in
1313 5443 1514 5525 superlativo
1546 5445 1660 5526 graden
1686 5443 1748 5508 hoc
1779 5447 1830 5506 est

442 5661 467 5712 a)
481 5657 788 5711 Vortaqemrchonuxame.
816 5655 1253 5710 ,1111111111121111111111111111111.
1282 5657 1305 5709 b)
1318 5653 1630 5708 Vortape„dapnabilttar“.
1654 5656 1676 5706 c)
1691 5652 1829 5708 1111111119-

390 5730 439 5774 11111
454 5729 632 5785 ,1101111111ὶῆ
659 5729 683 5782 d)
698 5729 815 5783 Vcrlogc:
829 5729 935 5782 Ι,1111111111

858 5833 874 5868 o

227 5919 396 5966 Frankrurtar
410 5917 608 5964 urkundenbuch
622 5915 652 5962 11.
1667 5933 1673 5944 ·
1689 5905 1722 5958 12
