4414 6402
401 353 444 418 86
1189 346 1266 400 1317.

400 540 465 616 90.
492 541 565 614 Das
588 545 926 612 Deatscbordeasboae
950 567 991 608 ea
1014 543 1275 610 Sacbeenboose'n
1298 542 1392 625 doust
1414 564 1473 608 oon
1497 543 1607 610 Heron
1629 541 1775 608 Dietra'eb
1798 565 1858 608 oon
1877 543 2046 624 Escbbocb,

489 655 682 722 Kanobikos
711 675 753 717 aa
783 653 971 731 Ilbeastodt,
995 655 1051 716 nait
1081 651 1297 735 Bewillipuap
1327 651 1382 714 dee
1411 647 1559 732 Prcpstes
1589 651 1727 715 dosclbst
1756 654 1823 714 eine
1852 651 1942 715 balbe
1965 651 2048 734 Hufe

489 761 585 828 Laud
608 783 650 826 ra
673 759 889 826 Scbwolbocb.
938 763 1035 824 1317.

614 893 713 962 Repeet
731 892 773 946 bei
791 892 997 962 Nicdermoyer,
1017 893 1070 946 142
1087 891 1157 944 acob
1175 889 1234 944 dem
1252 889 1446 944 versabolleaen
1465 887 1841 944 Dassaretae-Sambon.

400 1181 466 1258 91.
493 1191 698 1270 Schultheise,
714 1189 862 1272 Scbdffca
884 1188 953 1253 aad
968 1187 1056 1252 Rue
1079 1209 1139 1252 uon
1154 1185 1338 1267 Froadsard
1362 1185 1562 1250 baleranum
1587 1190 1676 1252 cinea
1690 1186 1791 1251 durch
1807 1191 1853 1251 ar'e
1867 1188 2050 1270 petroffeaen

352 1313 354 1318 ’
494 1298 658 1383 Verplea'cb
682 1297 838 1362 abactae
859 1295 929 1360 dem
952 1293 1085 1360 Kloeter
1110 1293 1313 1360 Gaodcrrtbal
1334 1293 1402 1358 aad
1417 1291 1525 1372 Kosa,
1549 1293 1605 1358 der
1620 1294 1741 1360 Wittwe
1763 1294 1818 1358 des
1841 1296 2049 1360 reretorberron

491 1405 639 1490 Brirpera
663 1403 864 1488 [Hermann]
881 1403 993 1482 Virdo,
1024 1403 1100 1466 iiber
1122 1401 1173 1465 die
1195 1399 1444 1483 Erboasproiclre
1467 1422 1525 1465 oon
1548 1400 1644 1466 deren
1667 1401 1799 1465 Tochter
1821 1399 1913 1481 Lieo,
1944 1401 2051 1468 Nouae

489 1516 534 1576 im
555 1517 731 1595 peccamen
754 1509 896 1575 Kloster.
945 1507 1145 1594 [co.1317].

508 1635 548 1700 In
579 1633 707 1701 nomine
731 1632 860 1714 domini,
887 1651 990 1699 amen.
1038 1632 1118 1698 Cum
1141 1632 1225 1697 bone
1248 1629 1296 1696 rei
1320 1632 1400 1697 dare
1423 1630 1607 1698 consultum
1631 1631 1677 1700 sit
1700 1631 1866 1713 presentis
1888 1631 1958 1698 vite
1980 1633 2052 1698 snb-

402 1741 519 1810 sidium
549 1761 588 1808 ac
622 1740 805 1808 retribucio·
835 1739 951 1822 premii
986 1737 1188 1821 sempiterni,
1223 1737 1299 1803 hinc
1337 1743 1398 1818 est,
1432 1742 1518 1818 quod
1553 1757 1612 1804 nos
1638 1791 1645 1804 .
1669 1792 1675 1805 .
1701 1739 1894 1820 sculthetus‚
1930 1738 2053 1805 scabini

403 1869 442 1917 ao
478 1851 624 1915 consular
660 1847 749 1931 opidi
778 1844 1110 1914 Frankenuordensis
1145 1844 1308 1910 salubrem
1344 1843 1586 1910 ordinacionem
1615 1845 1732 1926 initam
1762 1845 1851 1911 inter
1885 1844 2053 1928 religiosas

404 1955 551 2022 dominas
577 2007 583 2020 .
609 1953 813 2022 abbatissam
844 1961 877 2020 et
908 1951 1173 2019 sanctimoniales
1203 1950 1395 2017 monasterii
1424 1951 1627 2032 Gnadental,
1659 1951 1888 2019 (isterciensis
1923 1953 2051 2032 ordinis,

403 2061 619 2131 'treverensis
635 2064 796 2146 dyocesis
822 2067 855 2126 et
872 2058 1049 2127 discretam
1064 2064 1250 2126 matronam
1266 2059 1395 2140 Cosam,
1419 2057 1569 2124 relictam
1586 2061 1750 2139 quondam
1761 2059 1934 2141 VinkoniS,
1952 2059 2054 2126 nostri

404 2169 548 2236 concivis
572 2167 912 2250 Frankenvordensis‚
938 2185 1036 2250 super
1060 2165 1131 2233 iure
1155 2163 1351 2232 succedendi
1373 2165 1407 2231 in
1429 2163 1525 2231 bonis
1549 2165 1707 2248 paternis,
1732 2166 1891 2233 maternis
1915 2173 1949 2232 et
1972 2166 2052 2246 avie,

318 2260 322 2266 ¹
404 2276 615 2361 contingente
643 2275 755 2342 Lisam
786 2274 958 2342 monialem
990 2272 1116 2340 cenobii
1146 2271 1315 2354 predicti·
1344 2271 1446 2338 liliam
1469 2273 1554 2338 Cuse
1583 2271 1698 2340 relicte
1715 2271 1876 2340 Vinkonis
1906 2273 2052 2356 predicti

404 2387 446 2451 ad
476 2383 703 2452 universorum
734 2381 890 2449 noticiam
914 2380 1060 2464 cupimus
1084 2376 1285 2462 peruenire.b
1329 2382 1400 2464 Qua
1423 2378 1552 2460 quidem
1577 2379 1746 2446 ordinacio
1770 2379 1847 2446 talis
1870 2399 1944 2446 esse
1968 2381 2056 2448 dino-

403 2491 516 2572 scitur,
543 2493 628 2573 quod
658 2489 808 2572 predicta
830 2489 913 2555 Lisa
943 2506 1068 2554 omnem
1099 2486 1286 2570 porcionem
1316 2486 1474 2552 bonorum
1503 2484 1608 2568 ipsam
1638 2485 1882 2572 contingentem
1906 2487 2056 2554 inbonis

404 2597 488 2681 avie,
513 2597 667 2666 videlicet
691 2595 806 2663 matris
831 2595 938 2679 patris
962 2595 1022 2676 sui,
1048 2592 1184 2660 habebit
1207 2613 1267 2675 pro
1291 2612 1352 2659 sua
1375 2592 1521 2659 utilitate
1537 2589 1691 2659 iacienda
1707 2593 1835 2662 nomine
1852 2593 1932 2660 dicti
1946 2614 2056 2660 mona-

404 2705 508 2786 sterii,
534 2708 640 2787 quoad
665 2703 798 2785 vixerit,
824 2697 858 2769 e't
881 2706 963 2769 duas
987 2720 1117 2768 marcas
1134 2699 1375 2767 Coloniensium
1398 2699 1616 2782 denariorum,
1642 2700 1749 2766 tribus
1772 2700 1976 2768 heliensibus
2000 2722 2055 2784 pro

404 2811 539 2879 denario
571 2811 799 2893 conputandis,
825 2829 932 2876 annue
963 2807 1130 2892 pensionis
1154 2807 1217 2874 sibi
1241 2806 1421 2890 assignatis
1445 2813 1479 2872 et
1503 2806 1636 2873 traditis
1659 2826 1761 2890 supra
1784 2810 1914 2873 domum
1937 2807 2055 2874 dictam

404 2920 635 3002 Wartenberg,
662 2916 780 2983 sitam⁰
804 2916 896 2982 intra
918 2934 1029 2982 muros
1045 2914 1383 2981 Frankenvordenses
1399 2916 1439 2979 de
1455 2913 1549 2979 bonis
1565 2913 1723 2980 maternis
1739 2913 1843 2996 ipsius
1859 2913 2057 2997 recipiendis

405 3035 438 3093 et
469 3025 572 3092 eidem
602 3024 698 3090 annis
728 3022 866 3108 singulis
897 3019 1131 3104 persolvendis.
1190 3020 1264 3085 Hac
1295 3026 1405 3086 tamen
1435 3019 1625 3086 condicione
1655 3020 1818 3103 apposita,
1851 3021 1879 3086 si
1909 3021 2058 3104 predicta

403 3129 518 3216 Lysad
540 3131 631 3214 prius
655 3149 752 3212 quam
769 3133 856 3196 (lusa
871 3135 978 3195 mater
993 3127 1096 3208 ipsius
1112 3125 1196 3192 diem
1213 3126 1369 3192 clauserit
1385 3133 1575 3208 extremum,
1601 3126 1742 3209 predicti
1757 3128 1906 3194 redditus
1922 3131 2056 3194 duarum

404 3258 590 3321 marcarum
623 3241 665 3303 ad
697 3237 804 3319 ipsam
834 3241 972 3302 matrem
1001 3234 1105 3300 libere
1135 3239 1377 3314 revertentur,⁶
1409 3233 1537 3315 reliqua
1565 3253 1644 3301 vero
1675 3235 1762 3300 bona
1792 3233 1944 3317 predicta
1973 3239 2058 3318 apud

404 3346 510 3430 ipsum
542 3343 777 3411 monasterium
807 3349 965 3426 perpetuo
997 3342 1244 3423 permanebunt.
1303 3339 1338 3406 Si
1368 3344 1477 3406 autem
1507 3346 1645 3406 matrem
1675 3337 1801 3423 ipsam¹
1839 3341 1932 3423 prius
1964 3361 2059 3424 quam

404 3452 518 3519 Lisam
541 3449 724 3534 predictam
747 3449 846 3516 liliam
870 3468 962 3515 suam
986 3447 1155 3514 demedio
1179 3445 1250 3513 tolli
1274 3447 1444 3531 contingit,
1471 3453 1549 3513 tuno
1573 3447 1712 3528 quilibet
1735 3465 1866 3514 suorum
1886 3467 2058 3530 puerorum

405 3559 619 3643 superstitum
651 3577 732 3640 eque
762 3558 899 3623 duarum
928 3574 1114 3622 marcarum
1144 3553 1292 3621 redditus
1322 3553 1457 3620 babebit
1487 3559 1521 3619 et
1544 3553 1705 3636 recipietss
1729 3561 1807 3621 ante
1831 3553 1949 3636 omnia,
1976 3554 2059 3621 sicut

403 3667 478 3749 ipsa
493 3666 575 3732 Lisa
598 3660 775 3747 predicta,¹²
800 3670 833 3730 et
853 3665 940 3730 bona
961 3668 1073 3729 cetera
1089 3657 1308 3727 hereditaria¹
1329 3659 1416 3728 dicto
1433 3661 1632 3728 monasterio
1649 3661 1839 3728 Gnadental
1854 3661 1926 3727 iure
1942 3669 2059 3728 nature

405 3772 631 3857 contingentia
661 3771 765 3854 ipsam
789 3765 927 3837 uisam*
954 3767 1246 3852 proportionaliter
1277 3762 1508 3834 condivident.¹
1560 3766 1761 3854 [Similiterm
1793 3769 1879 3836 bona
1909 3769 2059 3851 superius

405 3886 567 3947 annotata
598 3877 825 3963 contingentia
854 3876 960 3961 ipsam
983 3875 1096 3942 Lisum
1126 3893 1167 3940 ex
1198 3873 1405 3940 successione
1429 3875 1503 3941 avie
1527 3893 1586 3942 sue
1609 3874 1757 3956 predicte
1782 3893 1854 3942 cum
1876 3874 2060 3942 redditibus

406 3989 544 4052 duarum
581 4006 766 4053 marcarum
804 3981 963 4067 predictis
996 3988 1071 4066 post
1103 3981 1227 4048 obitum
1259 3979 1363 4064 ipsios
1395 3977 1473 4048 Lise
1507 3982 1594 4066 apud
1626 3979 1793 4064 prelatum
1826 3981 2060 4048 monasterium

404 4099 563 4176 perpetuo
588 4089 831 4179 remaneant.]¹²
872 4094 942 4176 Qua
966 4089 1095 4172 quidem
1119 4087 1230 4171 porcio
1254 4086 1360 4170 ipsam
1383 4087 1495 4155 Lisam
1518 4089 1589 4155 iure
1613 4095 1731 4156 nature
1755 4089 1973 4174 contingens⁰
1994 4109 2060 4156 una

406 4220 478 4267 cum
502 4199 656 4282 porcione
680 4197 898 4266 successionis
922 4197 995 4265 avie
1020 4215 1077 4263 sue
1101 4195 1248 4279 predicte
1264 4202 1298 4261 et
1315 4199 1452 4262 duarum
1468 4215 1654 4262 marcarum
1669 4195 1843 4262 redditast>
1861 4196 2060 4264 monasterio

406 4314 481 4388 post
511 4307 635 4374 obitum
664 4305 768 4389 ipsius
793 4305 892 4372 Liseq
914 4311 1073 4388 perpetuo
1098 4304 1347 4386 permanebunt.
1395 4304 1433 4368 In
1459 4302 1551 4368 cuius
1575 4301 1816 4370 ordinacionisr
1840 4303 2059 4370 testimonium

406 4420 440 4481 et
469 4416 570 4481 robur
600 4420 759 4498 perpetue
789 4411 956 4479 firmitatis
985 4411 1090 4478 maius
1114 4411 1256 4495 sigillum
1280 4415 1393 4476 nostre
1416 4408 1645 4478 universitatis
1668 4430 1736 4477 una
1759 4429 1831 4476 cum
1854 4409 2059 4494 sigillis...

619 4537 825 4607 Gleiclmeitiper
838 4535 976 4601 Ealwurf
989 4534 1046 4602 aas
1057 4534 1078 4602 s.
1093 4541 1129 4591 lo
1142 4535 1188 4590 dee
1200 4521 1339 4602 „rietatem
1352 4534 1583 4604 perpetrabat
1622 4533 1661 4589 et.
1675 4533 1709 4588 A.
1724 4535 1775 4588 Fr.
1812 4535 1958 4590 nmen
1971 4535 2062 4590 Forte

672 4627 709 4681 iet
735 4643 783 4680 oor
808 4625 868 4679 dem
885 4628 929 4680 24.
946 4623 1060 4680 October
1079 4627 1150 4679 1317
1170 4626 1232 4694 (apl.
1253 4625 1321 4678 obera
1340 4623 1392 4679 No.
1408 4627 1454 4686 83)
1473 4625 1623 4694 patorem,
1642 4625 1701 4678 cirre
1720 4625 1821 4678 adium
1839 4623 1984 4694 Dotimap
2001 4641 2062 4678 auor

672 4716 833 4784 aamdplicb.
871 4714 953 4769 Nocb
977 4713 1026 4768 der
1042 4714 1162 4784 plcicben
1177 4713 1294 4784 Vorlope
1311 4713 1442 4784 peda-reclei
1460 4729 1496 4767 ru
1514 4717 1642 4768 co.1312
1660 4715 1691 4766 ia
1712 4711 1904 4780 Franktitrter
1921 4713 2062 4782 Mittam,

678 4805 708 4872 V,
728 4806 788 4858 eoa.

673 4929 699 4979 a)
712 4925 761 4970 Die
773 4925 853 4970 Worte
867 4923 1012 4978 „monialem
1027 4947 1052 4956 —
1067 4923 1184 4978 prodiero*
1200 4924 1257 4968 aiud
1277 4925 1336 4970 atbar
1357 4925 1401 4969 ἄεν
1415 4923 1483 4968 zen
1496 4935 1542 4968 aaa
1553 4924 1664 4978 alelclm
1677 4923 1756 4968 Hand
1769 4925 1956 4978 κατεμείναμεν.
1990 4925 2014 4976 b)
2027 4924 2061 4968 Iu

620 4999 664 5041 ἄεν
678 4996 745 5040 Zeila
757 4997 841 5053 salpen
855 4996 895 5040 die
909 4996 1128 5040 darabstn'clrem
1140 4995 1233 5040 Worte:
1248 4996 1329 5051 „luter
1343 5005 1405 5050 quas
1418 4995 1543 5050 predictus
1558 4997 1664 5050 perteue
1697 4997 1720 5050 c)
1733 4994 1852 5049 Variana:
1866 4996 1948 5049 „nlta‘t
1975 4996 2000 5047 dt
2013 4995 2063 5040 γον

592 5122 595 5127 ¹
620 5069 712 5123 „hyac”
727 5069 820 5122 „Guw‘
840 5069 868 5110 ln
890 5069 933 5112 der
948 5068 1016 5112 Zette
1035 5068 1180 5122 aestatem
1215 5071 1237 5122 e)
1252 5068 1288 5111 Ee
1307 5069 1371 5123 folpt
1384 5069 1412 5110 ln
1426 5067 1470 5112 ἄεν
1485 5066 1552 5111 Zeila
1563 5067 1719 5121 pertarum:
1739 5067 1780 5122 „Sl
1793 5077 1852 5112 varo
1867 5069 1943 5122 ipram
1958 5071 2061 5111 matrem

619 5140 739 5194 reliq(?).“
774 5139 793 5194 l)
816 5141 920 5193 „ipsam‘
942 5139 1002 5183 ater
1021 5139 1064 5182 der
1086 5139 1153 5182 Zeila
1173 5139 1360 5193 mcbpetrupen.
1394 5140 1421 5192 g)
1443 5141 1482 5192 „ct
1502 5139 1618 5193 recipior«
1640 5139 1700 5182 tiber
1721 5137 1765 5182 ἄεν
1786 5138 1854 5183 Zeila
1874 5139 2062 5194 noctuarum

619 5212 646 5265 b)
660 5213 739 5266 „elom
759 5213 813 5266 lpea
835 5211 892 5254 blaa
914 5210 1045 5265 predicta‘t
1067 5210 1140 5264 demi.
1175 5210 1192 5264 l)
1206 5209 1347 5254 DieWorte
1361 5214 1458 5263 „caton
1479 5209 1645 5254 bereditarla“
1661 5209 1719 5253 aad
1737 5210 1797 5254 aber
1818 5210 1859 5254 ἄίε
1873 5209 1940 5255 mue
1958 5211 2004 5266 srir
2020 5211 2063 5255 dte
2089 5239 2092 5244 ,

618 5282 789 5337 predictam
797 5281 911 5336 „raaldus
920 5281 986 5324 luter
999 5291 1027 5325 aa
1041 5283 1137 5326 autem*
1149 5283 1244 5334 pereat.
1272 5280 1297 5330 lu
1310 5281 1507 5335 (Ji-sprewam:
1522 5281 1909 5336 ,‚eont1ngenuetpmmblum“,
1922 5294 1972 5325 war
1983 5282 2061 5326 durch

628 5353 890 5408 Verweimrapeetricbe
910 5353 938 5396 ln
959 5353 1003 5396 ἄεν
1023 5351 1081 5397 oben
1102 5351 1268 5405 anpepetenea
1281 5351 1359 5394 Weiee
1380 5352 1511 5395 amandari
1531 5353 1570 5403 iat,
1587 5353 1626 5396 dte
1639 5351 1719 5396 Worte
1734 5352 1802 5405 ‚lure
1815 5355 1918 5396 natura‘*
1932 5353 1990 5395 νίνιᾶ
2002 5353 2063 5396 riter

620 5426 665 5469 der
680 5425 747 5470 Zeila
760 5423 949 5478 neocaesarea.
978 5423 996 5476 1)
1011 5422 1195 5478 ‚pondtvtdmt“
1210 5422 1273 5466 meet
1286 5422 1385 5476 duppelt
1398 5422 1426 5466 ta
1440 5422 1485 5466 ἄεν
1497 5423 1606 5478 Vorlupe.
1635 5423 1671 5466 Ee
1683 5423 1746 5478 solat
1759 5425 1854 5468 είνιννὶοε
1867 5425 1927 5468 tiber
1940 5424 1985 5468 ἄεν
1994 5423 2063 5468 Ζείίε

627 5501 685 5553 „vuh
707 5499 800 5540 aaaron
821 5497 865 5541 der
883 5495 1054 5550 patrarem
1066 5495 1161 5539 Worte:
1182 5497 1221 5548 „et
1240 5493 1368 5538 hebebant
1389 5497 1506 5548 perpetuo
1527 5495 1695 5549 pomldeuda.‘¹
1730 5498 1762 5546 m)
1775 5494 1829 5540 Der
1849 5494 2063 5548 amektmmto

621 5571 679 5613 Sota
694 5570 726 5612 at
739 5568 803 5612 arceb
817 5569 845 5612 ira
859 5568 903 5612 ἄεν
915 5568 1019 5620 Vortape
1033 5579 1073 5610 om
1088 5565 1175 5609 Raude
1190 5565 1396 5618 aneeezamamr.
1431 5571 1456 5617 n)
1471 5568 1626 5620 ,uememu‘
1635 5569 1659 5621 (¹.)
1673 5567 1706 5609 iat
1719 5566 1779 5612 uider
1792 5565 1837 5609 ἄεν
1851 5565 1918 5609 ΖενἹε
1930 5566 2064 5610 cadesam

617 5643 664 5696 fur
684 5641 881 5694 ‚remanebunt‘t
916 5645 939 5690 ο)
953 5639 1001 5683 Dte
1014 5637 1095 5682 warte
1115 5637 1207 5692 „ipram
1221 5636 1303 5680 bisam
1323 5637 1377 5680 iure
1397 5639 1488 5680 nature
1501 5637 1662 5691 cunengem*
1677 5637 1735 5680 etad
1747 5636 1807 5680 elder
1822 5637 1865 5680 ἄεν
1879 5636 1947 5681 Zeila
1960 5637 2063 5691 neew-

621 5715 713 5768 tropen.
748 5718 771 5766 p)
785 5711 879 5756 Hinter
899 5710 1035 5763 „reddltue‘¹
1057 5709 1090 5752 iat
1111 5709 1151 5752 ein
1166 5710 1230 5762 jerat
1247 5707 1422 5753 antemnates
1436 5707 1503 5753 Werr
1520 5709 1661 5762 permetere
1678 5708 1732 5752 νινεᾶ
1743 5708 1847 5752 radim.
1881 5711 1906 5760 qt
1919 5707 1967 5752 Die
1982 5707 2064 5754 Wom

620 5789 691 5838 „poet
712 5784 805 5827 obitum
827 5784 904 5838 ipsius
918 5782 987 5826 blee‘¹
1010 5781 1067 5824 aad
1080 5781 1139 5824 atbar
1154 5780 1197 5824 ἄεν
1212 5779 1279 5823 Ζείῐε
1293 5779 1479 5834 aurbpetrapcn.
1515 5785 1536 5829 r)
1550 5780 1745 5834 ‚‚0rdtnaoiomr‘¹
1760 5781 1794 5823 iet
1805 5779 1865 5823 νὶὸεν
1879 5779 1923 5822 ἄεν
1937 5779 2005 5824 zerra
2015 5780 2064 5834 [ἐν

620 5856 684 5911 „ral“
699 5855 836 5900 verberam.
