4436 6404
910 347 979 404 1324
997 347 1054 404 lici
1072 347 1097 405 t.
1767 355 1829 422 195

171 546 340 614 Johannis
363 543 625 612 ierosolimitcm'
653 543 688 608 in
711 543 894 626 Herbipoli,
919 563 1039 628 gerens
1061 545 1152 612 vices
1176 565 1234 628 per
1258 545 1396 612 mediam
1420 546 1581 614 ballivum,
1599 549 1744 634 religiosi
1765 551 1830 619 viri

171 653 293 720 fratris
316 651 449 719 Alberti
472 654 512 717 de
534 651 660 733 Nigrol
680 652 812 732 Castro,
845 651 963 734 prioris
979 653 1006 737 l!
1024 651 1106 717 dicti
1135 651 1258 718 ordinis
1289 672 1347 734 per
1377 653 1626 737 Alimanniam,b
1655 663 1689 722 et
1720 655 1827 724 irater

171 761 414 828 Thilmannus⁰
433 761 473 824 de
489 759 592 839 Rode,
618 757 764 824 eiusdem
787 757 912 824 ordinis
935 758 969 824 in
984 758 1167 842 Moguntia‚
1192 759 1332 826 salutem
1356 767 1390 825 et
1413 763 1453 826 de
1469 759 1693 844 infrascriptis
1709 783 1829 849 cogno-

171 889 267 936 scere
292 867 478 934 veritatem.
525 863 702 946 Noveritia
722 865 748 948 ΙΙ
766 868 860 946 quod,
886 884 958 931 cum
980 865 1069 932 inter
1092 866 1315 932 Hermannum
1339 869 1379 931 de
1396 867 1586 934 Wanebach
1610 872 1828 952 presbiterum

170 983 204 1042 et
231 975 374 1041 fratrem
389 972 600 1039 Ludewicum
623 971 703 1038 dicti
726 971 860 1054 ordinis,
885 971 954 1038 eius
978 991 1178 1056 germanum,
1204 991 1302 1054 super
1326 992 1438 1040 eorum
1461 981 1602 1056 paterna
1625 983 1659 1042 et
1678 984 1829 1045 materna

170 1103 212 1148 ac
239 1083 416 1149 eorundem
438 1085 616 1146 matertere
633 1075 740 1145 Cuse‘¹
763 1078 947 1146 hereditate
970 1079 1077 1145 inter⁸
1108 1097 1143 1144 se
1166 1079 1343 1146 dividenda
1363 1080 1502 1146 materia
1519 1083 1655 1148 suborta
1671 1083 1830 1150 existeret

170 1188 368 1271 questionis,
393 1189 526 1254 tandem
555 1185 642 1252 idem
665 1185 876 1252 Hermannus
907 1204 967 1268 pro
998 1205 1034 1252 se
1064 1192 1159 1268 parte
1190 1205 1230 1252 ex
1259 1204 1327 1252 una
1356 1185 1390 1252 iu
1421 1207 1480 1252 nos
1506 1239 1536 1251 ..
1564 1197 1732 1256 cantorem
1756 1211 1829 1272 pre-

170 1297 300 1362 dictum
322 1303 357 1361 et
380 1295 488 1360 dictus
512 1291 618 1358 irater
641 1291 837 1358 Ludewicus
861 1311 920 1373 pro
944 1311 979 1358 se
1003 1299 1036 1358 et
1060 1293 1189 1358 nomine
1213 1292 1264 1358 sui
1287 1293 1410 1360 ordinis
1434 1314 1474 1360 ex
1497 1294 1605 1361 altera
1628 1297 1667 1361 de
1690 1296 1829 1364 licencia

167 1403 238 1468 iam
263 1402 345 1468 dicti
367 1399 483 1466 fratris
498 1398 663 1466 iohannis
686 1398 720 1464 in
738 1417 798 1464 nos
814 1396 954 1465 fratrem
969 1396 1216 1465 Thilmannum‘
1242 1399 1425 1482 predictum
1441 1407 1607 1482 tamquam
1623 1401 1656 1467 in
1673 1403 1827 1486 arbitros,

169 1509 395 1576 arbitratores
419 1525 476 1572 seu
500 1504 689 1573 amicabiles
713 1505 947 1588 compositores
971 1524 1030 1588 pro
1054 1505 1215 1574 divisione
1238 1505 1333 1572 huius
1356 1507 1514 1572 bonorum
1538 1505 1694 1574 iacienda
1709 1509 1829 1577 libera-

168 1616 251 1683 liter
274 1613 567 1696 compromiserunt
591 1618 624 1678 et
645 1611 738 1678 nobis
755 1611 892 1678 arbitris
909 1611 1065 1694 predictis
1080 1612 1187 1694 ipsum
1204 1611 1469 1695 compromissum
1485 1620 1602 1696 sponte
1619 1615 1829 1698 suscipienti·

168 1726 260 1790 busss
287 1741 347 1804 per
376 1722 505 1786 modum
536 1717 718 1786 amicabilis
750 1717 996 1800 composicionis
1026 1719 1176 1784 duximus
1208 1719 1444 1801 arbitrandum,
1478 1721 1658 1788 ordinando
1690 1728 1723 1788 et
1754 1744 1829 1806 pro-

168 1829 361 1896 nunciando
391 1827 424 1892 in
455 1826 517 1892 hiis
541 1823 684 1907 scriptis,
709 1823 882 1906 quodiam
907 1823 1014 1891 dictus
1036 1825 1246 1890 Hermannus
1270 1825 1368 1890 debet
1390 1824 1595 1907 inprotracte
1619 1833 1653 1892 et
1677 1830 1828 1911 expedite

168 1938 278 2004 eidem
308 1933 409 2000 fratri
431 1931 609 1998 Ludewico
633 1949 731 2013 super
754 1933 848 1998 domo
872 1931 962 1997 dicta
985 1951 1077 1997 nume
1102 1929 1258 1998 Salczhts
1280 1930 1314 1996 in
1337 1929 1602 2000 Frankenvordh
1626 1935 1754 2002 nomino
1778 1937 1829 2003 sui

168 2042 298 2110 ordinis
332 2041 432 2106 trium
463 2058 649 2106 marcarum
681 2037 922 2104 Coloniensicm
954 2036 1162 2104 denariorum
1194 2036 1359 2119 redditus,
1395 2037 1501 2104 tribus
1533 2039 1735 2108 hallensibus
1768 2062 1827 2125 pro

167 2150 320 2232 quolibet
352 2145 486 2213 denario
518 2143 822 2227 comparaticium
851 2143 1051 2210 hereditario
1083 2142 1265 2226 assignare,
1291 2149 1324 2209 et
1354 2141 1448 2210 iacta
1478 2143 1575 2212 huius
1600 2145 1828 2229 assignacione

167 2257 343 2340 predictus
375 2251 481 2319 irater
503 2251 700 2318 Ludewicus
731 2253 838 2331 quoad
869 2249 977 2315 omnia
1005 2251 1093 2315 bona
1122 2267 1183 2315 sua
1213 2249 1373 2332 premissa
1404 2271 1474 2316 eum
1506 2253 1559 2318 vel
1589 2253 1658 2320 cius
1682 2254 1828 2320 ordinem

167 2380 366 2446 quocumque
402 2362 496 2426 modo
534 2357 765 2440 contingencia
800 2356 1040 2439 imperpetuum
1073 2357 1171 2421 debet
1204 2375 1276 2422 esse
1309 2363 1491 2423 contentus.
1552 2360 1598 2425 Et
1629 2380 1689 2426 uos
1721 2358 1828 2428 frater

165 2471 347 2538 Johannes
377 2470 417 2532 de
441 2461 659 2548 Grcynbach¹
687 2463 855 2546 predictus
885 2462 1014 2529 nomine
1045 2470 1158 2529 nostro
1189 2469 1223 2528 et
1253 2465 1358 2530 nostri
1390 2465 1514 2532 ordinis
1539 2467 1625 2534 ornni
1648 2467 1771 2534 actioni
1794 2474 1828 2534 et

165 2574 375 2658 impeticioni
398 2572 491 2639 nobis
514 2571 569 2639 vel
590 2577 704 2636 nostro
729 2570 835 2636 ordini
858 2569 892 2635 in
916 2569 1073 2652 predictis
1096 2569 1190 2635 bonis
1215 2565 1300 2636 nunc
1316 2571 1368 2636 vel
1384 2571 1597 2652 imposterum
1615 2575 1828 2656 competenti-

165 2686 231 2750 bus
255 2679 487 2748 renunciamus
511 2684 545 2743 et
569 2676 797 2743 effestucamus
821 2675 1043 2758 sollempniter
1065 2676 1099 2742 in
1123 2675 1187 2742 hiis
1204 2675 1347 2758 scriptis,
1373 2677 1583 2745 licentiantes
1598 2679 1827 2748 nichilominus

166 2789 356 2873 predictum
387 2784 524 2851 fratrem
548 2783 770 2864 Ludewicum
795 2791 833 2848 ut
856 2784 977 2864 valeat,
1003 2781 1156 2864 quamdiu
1186 2781 1219 2848 in
1244 2785 1342 2848 rebus
1366 2783 1515 2850 humanis
1539 2782 1649 2867 luerit,
1675 2786 1735 2868 nti,
1760 2785 1827 2853 irui

165 2917 228 2980 pro
253 2891 481 2960 melioratione
506 2909 637 2956 suorum
662 2889 923 2956 necessariorum
946 2889 1170 2970 predictarum
1194 2888 1294 2954 trium
1317 2909 1502 2956 marcarum
1526 2891 1674 2958 redditus
1691 2912 1827 2959 conver·
1864 2953 1867 2956 .

164 3004 289 3069 tendes
320 2999 354 3064 in
385 2997 454 3064 eius
485 3015 563 3062 usus
593 2996 703 3062 licitos
735 3003 766 3062 et
797 2997 962 3075 honestos
988 3014 1026 3060 eo
1057 2992 1142 3060 enim
1167 2994 1296 3060 sublato
1321 2999 1361 3061 de
1384 2996 1489 3062 medio
1515 2997 1655 3078 predicti
1678 2999 1826 3066 redditus

164 3115 293 3174 extunc
317 3105 390 3170 iure
414 3103 546 3186 proprio
572 3104 614 3168 ad
638 3111 787 3169 nostrum
811 3101 957 3167 ordinem
973 3102 1198 3168 devolventur.
1246 3101 1310 3167 Est
1326 3101 1426 3168 etiam
1442 3101 1614 3184 adiectum,
1640 3105 1826 3170 ordinatum

164 3223 199 3280 et
232 3210 489 3296 pronunciatum
520 3229 579 3292 per
609 3229 669 3274 nos
697 3208 841 3275 arbitros
865 3206 1040 3290 predictos,
1065 3210 1150 3288 quod
1175 3206 1325 3290 prelatus
1349 3206 1456 3274 irater
1479 3209 1675 3276 Ludewicus
1699 3229 1827 3277 exnunc

162 3321 308 3386 inantea
338 3317 372 3383 iu
402 3316 496 3382 bonis
527 3315 784 3398 quibuscumque
806 3313 905 3396 Kisa,
930 3320 1108 3380 matertere
1132 3333 1199 3396 sue,
1224 3313 1325 3379 nichil
1347 3314 1429 3380 iuris
1454 3315 1581 3381 nomine
1606 3315 1657 3382 sui
1681 3317 1732 3383 vel
1756 3317 1826 3384 eius

163 3425 295 3492 ordinis
326 3422 505 3488 vendicare
536 3422 659 3504 poterit
688 3421 742 3488 vel
772 3420 912 3488 debebit.
966 3421 1013 3485 Et
1043 3440 1102 3486 nos
1127 3420 1245 3486 arbitri
1269 3421 1411 3502 predicti
1433 3429 1546 3487 nostre
1570 3422 1727 3504 premisse
1751 3443 1826 3506 pro-

162 3529 381 3599 nunciacioni
409 3530 495 3594 hanc
526 3547 644 3610 penam
675 3528 877 3610 apponimus,
909 3531 1005 3608 quod,
1038 3527 1230 3609 quicumque
1257 3528 1345 3594 inter
1367 3529 1592 3595 Hermannum
1623 3536 1658 3596 et
1687 3513 1825 3596 fratrem

162 3635 385 3704 Ludewicum
408 3634 574 3717 predictos
598 3639 715 3700 contra
738 3634 899 3716 premissa
922 3633 1051 3700 venerit
1073 3634 1107 3700 in
1132 3641 1202 3701 toto
1226 3636 1277 3701 vel
1302 3634 1335 3699 in
1360 3641 1465 3716 parte,
1492 3639 1576 3717 quod
1594 3638 1635 3702 ab
1653 3635 1739 3702 omni
1754 3635 1825 3701 iure

162 3745 232 3812 sibi
268 3743 303 3809 in
339 3741 436 3806 dictis
470 3740 565 3806 bonis
601 3739 729 3806 divisim
764 3740 818 3806 vel
847 3739 1043 3805 coniunctim
1075 3747 1279 3822 competente
1309 3739 1363 3808 vel
1392 3741 1638 3821 quomodolibet
1664 3741 1825 3823 acquisito

162 3860 291 3918 extunc
323 3847 442 3914 cecidit
472 3846 544 3929 ipso
569 3845 669 3912 lacto.
717 3845 841 3930 Sigillis
865 3845 989 3912 nostris
1013 3852 1149 3928 propter
1172 3845 1232 3912 hoc
1257 3847 1465 3928 presentibus
1489 3831 1654 3929 appensis.
1702 3849 1825 3914 Datum

161 3977 256 4025 anno
280 3953 404 4022 domiui
426 3955 466 4020 rir.
489 3973 555 4019 ccc.
576 3931 740 4035 xxiiii,
763 3953 902 4018 sabbato
926 3957 1001 4035 post
1024 3951 1248 4019 invencionem
1272 3957 1387 4018 sancte
1411 3953 1528 4020 crucis

387 4149 442 4202 Die
464 4148 593 4202 Urkomde
610 4147 646 4202 r'st
666 4147 696 4200 im
714 4147 855 4215 doppelter
877 4145 1075 4216 Armsertiprmp
1094 4147 1222 4200 schaldem.
1260 4148 1306 4199 Aa
1325 4147 1374 4200 der
1393 4148 1469 4200 einen
1490 4149 1550 4214 (A),
1569 4150 1681 4202 mormcb
1699 4150 1758 4204 bier
1777 4151 1825 4204 der
1937 4217 1940 4222 Ι

441 4236 544 4300 Druck,
563 4235 648 4302 hdmpt
668 4236 718 4288 dca
735 4235 864 4304 praelatip
883 4234 1018 4288 erboltena
1031 4233 1118 4303 Siepcl
1136 4234 1182 4288 des
1194 4234 1333 4289 Jolmcmes
1345 4253 1397 4290 com
1412 4236 1583 4305 Groymboclr,
1604 4255 1641 4290 rm
1654 4238 1702 4290 der
1714 4239 1823 4293 amciter

440 4325 491 4390 (B)
511 4324 556 4379 eim
576 4325 641 4379 Resi
660 4324 706 4378 des
725 4324 825 4393 Siepels
847 4323 1007 4376 Trrdmaom
1025 4340 1077 4378 vom
1097 4323 1198 4376 Rhode.
1237 4323 1275 4377 St.
1290 4325 1323 4376 A.
1339 4325 1390 4378 Fr.
1429 4325 1663 4379 Harraurkmrrrlem.

492 4457 579 4512 Selom
605 4473 650 4510 am
673 4459 716 4509 22.
731 4456 815 4524 April
833 4457 903 4509 1324
928 4455 967 4522 (in
987 4455 1084 4524 vigilia
1103 4453 1126 4507 b.
1142 4455 1254 4524 Georgii
1279 4435 1410 4522 martiris)
1436 4457 1541 4510 milredi
1562 4457 1664 4522 „irater
1686 4457 1824 4512 lohannes

385 4546 420 4600 do
429 4544 577 4614 Grimbagh
590 4544 791 4598 commendator
804 4543 898 4598 domus
911 4543 1054 4611 hospitalis
1067 4543 1141 4597 beati
1150 4543 1283 4599 iohannis
1293 4544 1446 4599 Jerusalem
1457 4544 1661 4613 Herbipolansia
1674 4563 1825 4616 gerensque

385 4637 457 4690 vices
483 4634 606 4704 religiosi
631 4635 683 4690 oiri
708 4633 804 4687 iratris
824 4631 930 4685 Albarti
956 4631 989 4685 de
1008 4631 1093 4702 Nigro
1113 4633 1220 4700 Castro,
1246 4631 1345 4700 prioris
1365 4632 1508 4700 Alimanie,
1535 4633 1770 4701 perWedebriam
1796 4641 1826 4690 ot

385 4723 580 4777 Franooniaw
601 4739 638 4776 aa
662 4723 761 4776 diesem
778 4721 909 4790 Vertrops
927 4721 1001 4775 scine
1020 4721 1232 4792 Gemebroiqunq,
1250 4727 1331 4776 mater
1350 4721 1398 4776 der
1411 4723 1584 4793 Bodincum,
1603 4725 1668 4778 dass
1686 4723 1730 4778 dia
1745 4724 1825 4778 Gerre

385 4814 454 4867 moab
472 4812 693 4883 LudmipsTode
712 4811 877 4866 demorderi
895 4810 1031 4865 oerbler'ba
1066 4809 1112 4864 Or.
1125 4811 1214 4880 Ppmt.
1247 4809 1408 4880 DasSicpel
1427 4811 1500 4875 fehlt.
1533 4810 1571 4866 St.
1586 4813 1619 4866 A.
1636 4813 1686 4866 Fr.
1717 4813 1824 4866 ‹lobon-

386 4901 624 4955 arira-Urbanam
643 4901 696 4955 No.
711 4904 753 4954 18.

492 5033 543 5086 Am
561 5037 604 5087 23.
619 5033 683 5087 Mai
702 5035 773 5086 1324
792 5031 835 5098 (X.
851 5031 905 5086 lrln.
920 5032 999 5102 iunii)
1018 5035 1108 5088 lamen
1120 5033 1164 5087 ἀίω
1176 5033 1289 5087 Brttder
1300 5033 1447 5087 Her-marm
1459 5034 1517 5086 und
1529 5033 1648 5104 Imdwip
1660 5051 1712 5088 vom
1724 5033 1823 5088 che·

387 5123 452 5176 boob
477 5121 529 5176 den
550 5121 662 5190 Vollrup
688 5123 761 5176 ibren
783 5121 927 5191 Vertroqes
952 5122 1037 5176 duret
1056 5123 1108 5176 dem
1126 5122 1290 5176 Schultlreias
1309 5121 1401 5176 Rom
1418 5123 1572 5191 Burplmrd
1590 5125 1760 5189 mortomar,
1780 5124 1825 5178 die

385 5211 508 5280 Scbdffcn
526 5211 584 5264 aad
597 5211 784 5265 Rottsberrm
802 5227 837 5264 au
852 5209 1011 5275 Fromdscrt
1026 5211 1208 5281 beploudr'pem.
1239 5211 1296 5266 Or.
1310 5212 1397 5281 Ppmt.
1435 5211 1498 5266 Dos
1510 5211 1723 5282 strictissimam)
1738 5213 1825 5280 bdmpt

385 5317 430 5357 om.
467 5301 484 5353 l.
497 5315 519 5352 c.
533 5299 585 5354 No,
599 5302 642 5353 21.
1400 5324 1406 5338 .

438 5761 635 5822 t)B.„Nygro·¹.
666 5759 932 5820 trn.‚‚lmmamam==.
961 5761 1021 5808 ch
1039 5761 1224 5816 ‚‚'l'ylmanuus··.
1253 5764 1277 5816 d)
1300 5761 1450 5818 B.‚.Oussa²‘.
1479 5765 1500 5809 at
1522 5761 1551 5804 B.
1564 5763 1616 5814 ,.in··
1627 5765 1660 5814 (b.
1690 5762 1707 5812 1)
1725 5758 1824 5811 R.‚‚Ttl-

387 5843 521 5884 manuum“.
547 5844 573 5892 gl
589 5838 617 5882 B.
632 5837 867 5892 ,commmendare
895 5836 920 5885 h)
936 5835 963 5879 B.
979 5835 1184 5888 „liranklnvord‘t
1213 5836 1230 5888 l)
1246 5835 1274 5878 B.
1289 5833 1453 5888 „lironbaclr”¹
