4436 6404
858 349 926 400 1324
945 347 1067 402 Februar
1087 349 1127 402 14.
1755 349 1817 411 189

164 544 305 611 nondum
329 548 647 626 demonstraverunt,
672 548 941 626 quemadmodum
963 545 997 610 in
1014 544 1218 627 plantatione
1235 544 1382 626 primeva
1398 544 1485 611 dicte
1501 544 1639 610 ecclesie
1655 563 1691 610 se
1707 543 1818 610 facere

164 652 395 733 promiserunt.
443 655 529 719 Item
558 655 643 733 quod
667 652 782 718 Fritzo
814 652 921 718 dictus
945 653 1150 736 Ezzelinger,
1176 651 1289 733 quise
1314 653 1519 734 capellanum
1541 651 1661 718 ibidem
1685 651 1816 731 asserit,

163 758 347 826 oblationes
371 779 453 826 ausu
477 760 662 842 temerario,
688 779 885 841 quamquam
909 763 950 825 ad
975 779 1047 825 eum
1071 779 1135 825 nou
1158 758 1356 840 pertineant,
1382 757 1531 841 recipiat,
1556 759 1710 840 infraque
1734 757 1818 826 divi-

164 886 280 932 norum
311 866 518 948 sollempnia,
551 866 770 948 coassumptis
800 865 863 932 sibi
894 865 1020 933 clericis
1054 865 1231 946 extraneis,
1263 865 1380 933 missas
1412 849 1556 932 celebret
1585 873 1620 932 et
1650 866 1818 932 celebrare

164 972 371 1062 presulmlat,
401 973 508 1056 ipsum
538 975 685 1040 divinum
715 973 853 1041 officium
883 973 1099 1040 disturbando
1129 974 1162 1038 in
1193 977 1367 1040 eorundem
1400 1027 1435 1038 ..
1469 973 1586 1040 decani
1616 980 1649 1040 et
1680 972 1818 1056 capituli

164 1101 345 1164 gravamen
375 1101 415 1146 ac
445 1081 660 1163 preiudicium
691 1087 725 1148 et
756 1083 947 1148 scandalum
978 1080 1198 1163 plurimorum.
1239 1081 1359 1146 Verum
1392 1080 1468 1161 quia
1498 1079 1589 1146 dicta
1612 1080 1752 1147 ecclesia
1775 1083 1818 1146 ad

164 1187 272 1254 instar
306 1187 446 1254 aliarum
480 1189 692 1256 ecclesiarum
727 1189 974 1271 collegiatarum
1005 1187 1160 1254 instituta
1191 1195 1241 1252 est
1273 1193 1306 1253 et
1337 1186 1467 1254 novella
1498 1187 1611 1254 existit
1644 1187 1816 1270 plantatio,

163 1295 387 1362 necessarium
410 1315 537 1377 quoque
561 1297 616 1378 sit,
640 1303 678 1362 ut
702 1296 776 1363 aliis
800 1295 983 1379 collegiatis
1007 1293 1154 1361 ecclesiis
1178 1293 1409 1375 conformetur,
1437 1347 1468 1359 ..
1494 1295 1685 1361 discretioni
1707 1300 1819 1362 vestre

165 1403 363 1468 etcuilibat
349 1409 540 1469 tvestrum
569 1403 603 1468 in
633 1403 697 1470 hiis
727 1403 831 1485 script
832 1403 861 1469 is
884 1405 918 1469 in
942 1403 1080 1470 solidum
1104 1401 1259 1468 conumitt'
1251 1408 1392 1467 rmuset
1378 1404 1618 1484 t,mandamns
1644 1407 1724 1483 quat
1726 1421 1817 1482 enuS,

165 1510 448 1590 quocienscunque
480 1517 675 1592 oportunum
704 1509 871 1577 fueritet
837 1509 1050 1590 etrequisiti
1025 1506 1190 1576 tfuerit'
1167 1515 1219 1590 t,1s
1246 1509 1313 1574 dict
1299 1515 1367 1574 tam
1399 1509 1570 1575 ecclesiam
1594 1507 1741 1575 accedat
1718 1514 1761 1574 trs
1785 1514 1819 1574 et

164 1616 353 1682 inobedient
340 1623 390 1682 tes
422 1635 461 1682 ac
491 1617 639 1698 rebelles
672 1617 728 1698 qui
757 1616 850 1684 vobis
880 1616 1038 1682 nominati
1013 1614 1254 1697 tfuerint,u
1233 1621 1395 1680 utsuo.
1416 1618 1642 1682 ‚decanoet
1628 1614 1818 1698 tcapitulo

165 1724 322 1788 obediant
338 1723 499 1790 debitat
466 1730 499 1788 et
513 1723 563 1789 int
550 1725 699 1805 ttendan
675 1729 766 1790 ttce
767 1743 904 1804 erosque
922 1724 1007 1805 quod
1021 1722 1186 1789 intantum
1199 1721 1407 1802 relinquant
1399 1742 1434 1788 m
1447 1723 1624 1789 residuoet
1610 1723 1817 1806 tassignent,

164 1851 223 1911 per
255 1832 340 1912 quod
370 1850 459 1896 more
490 1829 627 1896 aliorum
650 1831 882 1897 canonicorum
906 1833 947 1896 ad
970 1828 1271 1910 frequentationem
1295 1829 1386 1894 chori
1409 1835 1441 1895 et
1466 1833 1507 1895 ad
1532 1828 1718 1896 faciendum
1741 1829 1817 1911 alia,

164 1957 226 2018 qua
258 1937 449 2003 incumbunt
480 1935 635 2004 facienda
659 1939 835 2020 canonicis,
861 1937 1098 2020 conpellantur,
1124 1935 1205 2002 alios
1230 1942 1340 2001 autem
1363 1939 1449 2018 quod
1472 1937 1590 2004 saltem
1614 1940 1721 2004 adhue
1745 1957 1820 2019 pre-

164 2046 292 2110 bendas
322 2064 400 2110 suas
430 2047 655 2112 demonstrent
685 2052 719 2110 et
742 2046 922 2130 assignent,
948 2045 1226 2125 quemadmodum,
1252 2050 1290 2108 ut
1313 2043 1525 2126 premittitur,
1551 2042 1720 2112 sefacere
1744 2063 1819 2126 pro-

164 2151 335 2232 miserunt,
360 2152 550 2218 Fritzonem
572 2172 661 2234 vero,
686 2153 752 2234 qui,
777 2159 814 2218 ut
839 2151 1064 2234 prescribitur,
1090 2150 1295 2233 capellanum
1320 2169 1355 2216 se
1379 2151 1508 2234 asserit,
1535 2154 1619 2234 quod
1636 2150 1819 2218 oblationes

165 2257 311 2339 inantea,
336 2258 365 2325 si
394 2259 488 2324 robis
518 2258 714 2340 constiterit,
741 2263 825 2341 quod
856 2279 919 2325 non
952 2261 993 2324 ad
1022 2258 1140 2342 ipsum,
1166 2259 1223 2323 sed
1255 2260 1297 2322 ad
1328 2257 1507 2339 capitulum
1530 2258 1728 2341 pertineant,
1753 2278 1819 2324 non

165 2365 306 2446 recipiat
337 2385 396 2431 nec
427 2369 467 2430 de
492 2365 538 2431 eis
562 2385 598 2431 se
622 2365 811 2447 aliqualiter
834 2365 1046 2448 intromittat,
1071 2365 1217 2432 divinum
1242 2383 1368 2444 quoque
1393 2365 1531 2431 officium
1554 2385 1619 2432 non
1643 2365 1817 2444 disturbet,

165 2475 222 2536 sed
248 2492 307 2538 suo
333 2525 364 2537 ..
391 2475 514 2539 decano
539 2479 573 2538 et
597 2472 753 2554 capitulo,
778 2478 814 2537 ut
832 2477 972 2554 tenetur,
998 2479 1126 2555 pareat,
1151 2469 1283 2537 obediat
1300 2476 1334 2535 et
1349 2470 1510 2554 intendat,
1536 2471 1609 2540 vice
1625 2477 1659 2536 et
1675 2470 1818 2538 auetori-

166 2583 236 2644 tate
267 2586 343 2645 nost
344 2599 383 2645 ra
413 2578 606 2661 conpellatis
637 2587 669 2644 et
700 2585 814 2644 arceat
815 2578 843 2643 is
801 2577 1124 2644 tecclesiesticam
1149 2597 1207 2659 per
1231 2594 1412 2643 censuram.
1461 2579 1578 2644 Testes
1602 2597 1739 2660 quoque,
1764 2577 1818 2658 qui

165 2685 327 2751 nominati
356 2684 490 2767 fuerint,
523 2685 551 2751 si
582 2705 616 2751 se
647 2685 771 2769 gracie,
797 2685 870 2751 odio
901 2686 997 2752 velt
983 2685 1098 2752 timore
1130 2687 1205 2751 subt
1192 2684 1366 2790 traxerint,
1393 2705 1533 2752 censura
1564 2684 1662 2751 simili
1692 2669 1828 2768 cogatis

168 2791 307 2857 veritati
337 2792 558 2858 testimouium
590 2791 770 2875 perhibere,
830 2792 952 2857 Datum
983 2757 1303 2876 Aschaffinburg‚V⁰
1334 2792 1495 2858 kalendas
1525 2790 1701 2872 februarii,
1734 2811 1820 2857 auno

165 2898 286 2964 domini
310 2899 477 2964 millesimo
502 2897 733 2964 trecentesimo
757 2897 910 2966 vicesimo
935 2904 1082 2980 quarto.

383 3041 428 3097 Or.
442 3043 530 3112 Ppmt.
567 3041 630 3095 Das
655 3041 832 3111 abbaupcude
850 3041 937 3110 Siepel
962 3043 998 3096 ist
1017 3041 1096 3096 lcicbt
1115 3041 1276 3111 bescbddipt.
1314 3040 1353 3095 St.
1367 3040 1400 3094 A.
1415 3039 1691 3105 Fr.Lcouburdetift
1709 3041 1763 3095 Νο.
1777 3044 1818 3093 11.

165 3480 256 3558 244.
281 3489 353 3554 Der
376 3488 504 3554 Kantor
526 3487 581 3554 des
603 3489 648 3553 St.
662 3488 1017 3569 Bartholomueassic'fts
1041 3489 1241 3566 beurbuadct,
1265 3488 1343 3553 dass
1359 3488 1471 3552 Albam
1494 3489 1541 3552 bei
1563 3488 1634 3553 dem
1651 3487 1821 3552 Grobborm

282 3601 350 3662 eice
380 3596 471 3678 Hafa
500 3617 541 3660 au
568 3596 763 3661 Bcidcsbcr'm
786 3597 821 3676 je
850 3617 910 3660 cerr
933 3595 1047 3677 Hiilftc
1077 3617 1120 3660 uo
1150 3597 1210 3661 das
1234 3594 1573 3661 Dcntscbordcnsbaus
1602 3592 1819 3661 1181118111-

283 3706 406 3770 hausen
436 3703 502 3768 aad
531 3704 591 3769 das
621 3702 754 3767 Kloster
784 3703 896 3768 Heium
925 3703 1089 3788 ycscbcnlt
1118 3705 1184 3767 und
1214 3723 1312 3787 peperi
1342 3706 1409 3768 eine
1432 3703 1591 3783 jdbrb'cbe
1614 3703 1821 3788 Recoynition

283 3811 350 3894 aas
371 3811 550 3876 Lebmcsaeit
572 3810 831 3875 aurdcberbolten
854 3811 941 3875 boba.
990 3816 1078 3874 1324
1101 3811 1251 3875 Febrem·
1275 3814 1326 3874 14.

272 3955 398 4020 Cantor
415 3952 553 4019 ecclesie
569 3951 677 4018 sancti
692 3951 917 4018 Bartholomei
931 3949 1241 4034 Franckiordensis,
1255 3951 1354 4018 iudex
1370 3951 1517 4034 porcium
1532 3949 1819 4033 infrascriptarum

165 4061 371 4128 auctoritate
395 4059 482 4126 sedis
507 4057 688 4141 apostolice
705 4061 893 4141 deputatus
941 4059 1220 4142 Recognoscimus
1237 4078 1296 4141 per
1312 4065 1493 4141 presentes,
1518 4061 1604 4140 quod
1620 4056 1820 4125 constitutus

166 4187 276 4234 coram
292 4167 389 4234 nobis
404 4165 568 4232 discretus
585 4163 637 4232 vir
653 4165 811 4232 Albertus
828 4165 934 4232 dictus
950 4165 1004 4231 bei
1020 4168 1090 4230 dem
1109 4166 1294 4246 Grabborn,
1313 4165 1496 4247 oppidanus
1507 4163 1818 4247 FrancklordensiS,

164 4275 370 4359 recognovit,
385 4293 420 4340 se
435 4273 519 4340 alias
535 4276 675 4338 donasse
693 4278 726 4338 et
743 4272 921 4340 tradidisse
938 4279 972 4338 et
989 4275 1093 4338 denuo
1111 4271 1249 4338 tradidit
1266 4279 1300 4338 et
1316 4272 1453 4339 donavit
1469 4272 1645 4339 donatione
1657 4271 1820 4356 legittima

164 4381 251 4448 inter
283 4381 382 4448 vivos
412 4399 511 4446 unum
542 4398 690 4445 mansum
720 4379 888 4462 proprium
920 4386 1009 4445 terre
1039 4378 1191 4460 arabilis,
1224 4379 1323 4446 situm
1353 4377 1387 4444 in
1418 4379 1566 4446 terminis
1596 4379 1672 4447 ville
1702 4378 1821 4445 Budis-

164 4489 278 4571 heim,⁸
309 4507 390 4570 pure
414 4493 447 4554 et
470 4485 663 4569 simpliciter
688 4492 822 4569 propter
846 4488 940 4552 deum
964 4492 998 4552 et
1022 4487 1061 4552 ob
1086 4485 1263 4552 remedium
1287 4485 1393 4552 anime
1417 4506 1475 4552 sue
1499 4485 1763 4570 religiosissimis
1787 4492 1821 4552 et

165 4595 309 4662 dominis
339 4593 596 4660 commendatori
626 4599 660 4658 et
689 4590 850 4658 fratribus
881 4595 994 4659 domus
1025 4592 1227 4658 'theutonice
1257 4592 1290 4658 in
1314 4591 1610 4659 Sachsenhausenb
1634 4612 1693 4675 pro
1724 4599 1820 4675 parte

165 4702 312 4783 dimidia,
337 4708 370 4768 et
402 4700 516 4767 abbati
544 4706 578 4766 et
601 4699 779 4766 conventui
801 4699 993 4766 monasterii
1017 4699 1052 4764 in
1076 4698 1191 4780 Heinz,
1217 4699 1341 4765 ordinis
1366 4699 1604 4781 cisterciensis,
1629 4719 1687 4782 pro
1712 4699 1821 4766 altera

165 4817 261 4891 parte
294 4807 444 4890 dimidia;
476 4806 626 4873 adhibita
656 4809 697 4872 ad
727 4808 789 4873 hoc
812 4825 922 4872 coram
946 4805 1065 4872 iudicio
1091 4806 1238 4872 seculare
1261 4805 1339 4873 ville
1362 4805 1574 4872 Budisheim⁸
1597 4805 1819 4890 resignatione

164 4916 278 4982 debita
311 4922 344 4980 et
369 4920 543 4996 consueta;
574 4913 737 4995 recipiens
761 4916 803 4979 ad
832 4932 867 4978 se
891 4913 1029 4978 eundem
1052 4932 1201 4978 mansum
1225 4914 1266 4978 ab
1291 4912 1412 4980 eisdem
1436 4915 1548 4979 domus
1573 4919 1606 4979 et
1629 4913 1820 4982 monasterii

164 5022 307 5090 dominis
340 5021 515 5088 locationis
551 5021 648 5087 titulo
682 5019 753 5085 iure
784 5019 1029 5101 amphitioticho
1061 5023 1104 5085 ad
1135 5026 1284 5101 tempora
1313 5019 1382 5086 vite
1412 5039 1470 5086 sue
1499 5019 1730 5101 possidendum
1761 5039 1819 5102 pro

164 5133 294 5196 duobus
318 5127 430 5194 solidis
454 5127 660 5194 denariorum
684 5125 802 5192 levium
828 5126 1005 5208 sepedictis
1029 5129 1142 5192 domus
1160 5133 1193 5192 et
1208 5127 1400 5194 monasterii
1417 5127 1554 5194 dominis
1571 5127 1708 5211 singulis
1725 5126 1820 5193 annis
1844 5160 1847 5166 ·

163 5237 196 5302 in
219 5236 311 5304 festo
335 5235 426 5301 beati
449 5234 587 5301 Martini
610 5233 771 5316 equaliter
794 5233 1051 5316 presentandis⁰
1089 5235 1160 5320 Quo
1177 5234 1314 5299 Alberto
1339 5232 1504 5316 defuncto,
1529 5233 1626 5300 iidem
1649 5237 1762 5300 domus
1787 5239 1821 5299 et

163 5341 404 5411 monasterium
435 5343 561 5408 dabunt
592 5347 625 5406 et
655 5339 892 5406 ministrabunt
922 5343 961 5406 de
992 5359 1106 5406 manso
1135 5337 1266 5421 prefato
1290 5341 1395 5422 Jutte,
1420 5341 1485 5407 filie
1509 5341 1591 5406 dicti
1614 5340 1752 5423 Alberti,
1777 5342 1820 5406 ad

164 5459 318 5534 tempora
350 5467 407 5514 sue
430 5448 499 5516 vite
523 5467 581 5514 sex
605 5447 726 5513 octalia
751 5446 889 5530 siliginis
911 5466 1062 5514 mensure
1086 5444 1388 5514 Franckfordensis
1412 5467 1520 5514 annue
1543 5446 1708 5529 pensionis
1731 5445 1820 5513 infra

163 5559 226 5623 duo
251 5555 345 5622 festa
368 5554 601 5637 assumptionis
618 5561 651 5620 et
668 5553 855 5622 nativitatis
872 5556 970 5619 beate
986 5554 1091 5620 Mario
1108 5553 1248 5637 virginis
1265 5555 1496 5636 presentanda,
1513 5554 1563 5621 ita
1579 5557 1664 5636 quod
1680 5561 1819 5636 uterque

164 5666 280 5730 domus
306 5668 340 5728 et
362 5661 555 5728 monasterii
577 5661 799 5744 predictorum
823 5662 918 5727 Jutte
942 5659 1073 5743 prefate
1098 5660 1235 5744 singulis
1252 5663 1346 5728 annis
1364 5661 1427 5728 sibi
1443 5662 1556 5728 ordine
1573 5661 1819 5728 succedencium

436 5859 460 5904 c)
473 5854 591 5908 Vorlupc:
608 5854 794 5908 „Budluhelm“.
824 5855 847 5904 b)
861 5853 979 5907 Vorlape:
997 5853 1248 5908 „Sachsseuhsuseu“.
1277 5860 1299 5908 c)
1313 5854 1431 5910 Vorlage:
1449 5855 1659 5910 „presentandum
