<?xml version="1.0" encoding="UTF-8"?>
<!DOCTYPE html PUBLIC "-//W3C//DTD XHTML 1.0 Transitional//EN"
    "http://www.w3.org/TR/xhtml1/DTD/xhtml1-transitional.dtd">
<html xmlns="http://www.w3.org/1999/xhtml" xml:lang="en" lang="en">
 <head>
  <title>
</title>
<meta http-equiv="Content-Type" content="text/html;charset=utf-8" />
  <meta name='ocr-system' content='tesseract 3.04.00' />
  <meta name='ocr-capabilities' content='ocr_page ocr_carea ocr_par ocr_line ocrx_word'/>
</head>
<body>
  <div class='ocr_page' id='page_1' title='image "./codexdiplomatic01nathgoog_0127.png"; bbox 0 0 4414 6402; ppageno 0'>
   <div class='ocr_carea' id='block_1_1' title="bbox 789 273 1845 348">
    <p class='ocr_par' dir='ltr' id='par_1_1' title="bbox 789 273 1845 348">
     <span class='ocr_line' id='line_1_1' title="bbox 789 273 1845 348; baseline 0.02 -20"><span class='ocrx_word' id='word_1_1' title='bbox 789 275 861 330; x_wconf 82' lang='lat'>1320</span> <span class='ocrx_word' id='word_1_2' title='bbox 878 273 944 330; x_wconf 78' lang='lat' dir='ltr'>Junr</span> <span class='ocrx_word' id='word_1_3' title='bbox 964 275 997 328; x_wconf 81' lang='lat'>17</span> <span class='ocrx_word' id='word_1_4' title='bbox 1018 305 1050 315; x_wconf 90' lang='lat'><em>-</em></span> <span class='ocrx_word' id='word_1_5' title='bbox 1071 275 1142 332; x_wconf 83' lang='lat'>1320</span> <span class='ocrx_word' id='word_1_6' title='bbox 1159 276 1216 332; x_wconf 83' lang='lat' dir='ltr'>Juu</span> <span class='ocrx_word' id='word_1_7' title='bbox 1234 277 1259 330; x_wconf 84' lang='lat' dir='ltr'>a.</span> <span class='ocrx_word' id='word_1_8' title='bbox 1782 281 1845 348; x_wconf 88' lang='lat'>115</span> 
     </span>
    </p>
   </div>
   <div class='ocr_carea' id='block_1_2' title="bbox 193 435 1906 773">
    <p class='ocr_par' dir='ltr' id='par_1_2' title="bbox 193 435 1906 773">
     <span class='ocr_line' id='line_1_2' title="bbox 193 435 1906 558; baseline -0.001 -16"><span class='ocrx_word' id='word_1_9' title='bbox 193 468 281 542; x_wconf 86' lang='grc'>140.</span> <span class='ocrx_word' id='word_1_10' title='bbox 308 475 383 542; x_wconf 84' lang='lat' dir='ltr'>Dos</span> <span class='ocrx_word' id='word_1_11' title='bbox 405 477 450 542; x_wconf 80' lang='lat' dir='ltr'>st</span> <span class='ocrx_word' id='word_1_12' title='bbox 468 473 805 556; x_wconf 79' lang='lat' dir='ltr'>Bartholourocusstift</span> <span class='ocrx_word' id='word_1_13' title='bbox 833 475 916 558; x_wconf 72' lang='lat' dir='ltr'>plebi</span> <span class='ocrx_word' id='word_1_14' title='bbox 945 474 1014 539; x_wconf 81' lang='lat' dir='ltr'>dem</span> <span class='ocrx_word' id='word_1_15' title='bbox 1037 474 1201 540; x_wconf 68' lang='lat' dir='ltr'>Hortatur]</span> <span class='ocrx_word' id='word_1_16' title='bbox 1229 497 1298 540; x_wconf 83' lang='lat' dir='ltr'>com</span> <span class='ocrx_word' id='word_1_17' title='bbox 1321 475 1412 542; x_wconf 79' lang='lat' dir='ltr'>Hatra</span> <span class='ocrx_word' id='word_1_18' title='bbox 1441 477 1508 542; x_wconf 77' lang='lat' dir='ltr'>trad</span> <span class='ocrx_word' id='word_1_19' title='bbox 1536 477 1647 544; x_wconf 78' lang='lat' dir='ltr'>deseca</span> <span class='ocrx_word' id='word_1_20' title='bbox 1670 477 1764 544; x_wconf 83' lang='lat' dir='ltr'>Fruo</span> <span class='ocrx_word' id='word_1_21' title='bbox 1795 478 1845 542; x_wconf 81' lang='lat' dir='ltr'>die</span> <span class='ocrx_word' id='word_1_22' title='bbox 1901 435 1906 448; x_wconf 41' lang='lat'>⁸</span> 
     </span>
     <span class='ocr_line' id='line_1_3' title="bbox 307 580 1844 666; baseline 0.003 -18"><span class='ocrx_word' id='word_1_23' title='bbox 307 584 404 650; x_wconf 86' lang='lat' dir='ltr'>Nona</span> <span class='ocrx_word' id='word_1_24' title='bbox 433 587 468 648; x_wconf 79' lang='lat' dir='ltr'>iu</span> <span class='ocrx_word' id='word_1_25' title='bbox 492 583 615 648; x_wconf 79' lang='lat' dir='ltr'>Trebur</span> <span class='ocrx_word' id='word_1_26' title='bbox 644 582 703 664; x_wconf 81' lang='lat' dir='ltr'>fiir</span> <span class='ocrx_word' id='word_1_27' title='bbox 725 587 769 646; x_wconf 97' lang='grc'>20</span> <span class='ocrx_word' id='word_1_28' title='bbox 793 580 903 646; x_wconf 76' lang='lat' dir='ltr'>Acirtel</span> <span class='ocrx_word' id='word_1_29' title='bbox 925 581 1048 648; x_wconf 72' lang='lat' dir='ltr'>Weiaen</span> <span class='ocrx_word' id='word_1_30' title='bbox 1077 583 1144 648; x_wconf 79' lang='lat' dir='ltr'>uad</span> <span class='ocrx_word' id='word_1_31' title='bbox 1167 584 1233 648; x_wconf 80' lang='lat' dir='ltr'>ciue</span> <span class='ocrx_word' id='word_1_32' title='bbox 1249 583 1378 648; x_wconf 71' lang='lat' dir='ltr'>Aureli</span> <span class='ocrx_word' id='word_1_33' title='bbox 1393 583 1516 648; x_wconf 69' lang='grc'><em>010000</em></span> <span class='ocrx_word' id='word_1_34' title='bbox 1533 585 1715 666; x_wconf 78' lang='lat' dir='ltr'>jdlrrlicbco</span> <span class='ocrx_word' id='word_1_35' title='bbox 1732 586 1844 652; x_wconf 75' lang='lat' dir='ltr'>Zirmas</span> 
     </span>
     <span class='ocr_line' id='line_1_4' title="bbox 307 687 870 773; baseline -0.009 -17"><span class='ocrx_word' id='word_1_36' title='bbox 307 695 343 756; x_wconf 80' lang='lat' dir='ltr'>io</span> <span class='ocrx_word' id='word_1_37' title='bbox 364 690 536 773; x_wconf 63' lang='lat' dir='ltr'>urebatur.</span> <span class='ocrx_word' id='word_1_38' title='bbox 585 694 672 755; x_wconf 88' lang='grc'><em>1320</em></span> <span class='ocrx_word' id='word_1_39' title='bbox 695 688 778 754; x_wconf 79' lang='lat' dir='ltr'>Joat</span> <span class='ocrx_word' id='word_1_40' title='bbox 802 687 870 754; x_wconf 84' lang='lat'>17.¹</span> 
     </span>
    </p>
   </div>
   <div class='ocr_carea' id='block_1_3' title="bbox 296 831 1960 930">
    <p class='ocr_par' dir='ltr' id='par_1_3' title="bbox 296 831 1960 930">
     <span class='ocr_line' id='line_1_5' title="bbox 296 831 1960 930; baseline 0.001 -30"><span class='ocrx_word' id='word_1_41' title='bbox 296 832 474 900; x_wconf 89' lang='lat' dir='ltr'>Heinricus</span> <span class='ocrx_word' id='word_1_42' title='bbox 504 836 649 899; x_wconf 87' lang='lat' dir='ltr'>decanus</span> <span class='ocrx_word' id='word_1_43' title='bbox 676 837 845 912; x_wconf 87' lang='lat' dir='ltr'>totumque</span> <span class='ocrx_word' id='word_1_44' title='bbox 871 883 903 896; x_wconf 93' lang='lat'>..</span> <span class='ocrx_word' id='word_1_45' title='bbox 930 831 1107 914; x_wconf 89' lang='lat' dir='ltr'>capitulum</span> <span class='ocrx_word' id='word_1_46' title='bbox 1132 832 1269 898; x_wconf 76' lang='lat' dir='ltr'>ecclesie</span> <span class='ocrx_word' id='word_1_47' title='bbox 1292 831 1400 898; x_wconf 89' lang='lat' dir='ltr'>sancti</span> <span class='ocrx_word' id='word_1_48' title='bbox 1423 833 1646 901; x_wconf 87' lang='lat' dir='ltr'>Bartholomei</span> <span class='ocrx_word' id='word_1_49' title='bbox 1668 837 1842 904; x_wconf 87' lang='lat' dir='ltr'>Franken-</span> <span class='ocrx_word' id='word_1_50' title='bbox 1959 925 1960 930; x_wconf 5' lang='grc' dir='ltr'>ἵ</span> 
     </span>
    </p>
   </div>
   <div class='ocr_carea' id='block_1_4' title="bbox 179 937 1923 3377">
    <p class='ocr_par' dir='ltr' id='par_1_4' title="bbox 179 937 1923 3377">
     <span class='ocr_line' id='line_1_6' title="bbox 189 937 1841 1025; baseline 0.004 -19"><span class='ocrx_word' id='word_1_51' title='bbox 189 941 365 1023; x_wconf 77' lang='lat' dir='ltr'>fordensis,</span> <span class='ocrx_word' id='word_1_52' title='bbox 399 947 512 1008; x_wconf 90' lang='lat' dir='ltr'>tenore</span> <span class='ocrx_word' id='word_1_53' title='bbox 544 938 748 1022; x_wconf 90' lang='lat' dir='ltr'>presencium</span> <span class='ocrx_word' id='word_1_54' title='bbox 781 937 909 1020; x_wconf 91' lang='lat' dir='ltr'>publice</span> <span class='ocrx_word' id='word_1_55' title='bbox 942 939 1170 1025; x_wconf 73' lang='lat' dir='ltr'>prossfitemur,</span> <span class='ocrx_word' id='word_1_56' title='bbox 1204 942 1290 1021; x_wconf 89' lang='lat' dir='ltr'>quod</span> <span class='ocrx_word' id='word_1_57' title='bbox 1320 959 1380 1005; x_wconf 91' lang='lat' dir='ltr'>nos</span> <span class='ocrx_word' id='word_1_58' title='bbox 1410 939 1518 1006; x_wconf 89' lang='lat' dir='ltr'>animo</span> <span class='ocrx_word' id='word_1_59' title='bbox 1548 942 1630 1007; x_wconf 90' lang='lat' dir='ltr'>bene</span> <span class='ocrx_word' id='word_1_60' title='bbox 1662 943 1841 1012; x_wconf 90' lang='lat' dir='ltr'>dehberato</span> 
     </span>
     <span class='ocr_line' id='line_1_7' title="bbox 189 1045 1846 1135; baseline 0.002 -20"><span class='ocrx_word' id='word_1_61' title='bbox 189 1049 430 1116; x_wconf 87' lang='lat' dir='ltr'>communicata</span> <span class='ocrx_word' id='word_1_62' title='bbox 453 1067 550 1115; x_wconf 91' lang='lat' dir='ltr'>manu</span> <span class='ocrx_word' id='word_1_63' title='bbox 575 1047 712 1130; x_wconf 89' lang='lat' dir='ltr'>parique</span> <span class='ocrx_word' id='word_1_64' title='bbox 737 1065 897 1112; x_wconf 88' lang='lat' dir='ltr'>consensu</span> <span class='ocrx_word' id='word_1_65' title='bbox 921 1065 1041 1112; x_wconf 89' lang='lat' dir='ltr'>nonam</span> <span class='ocrx_word' id='word_1_66' title='bbox 1065 1053 1222 1127; x_wconf 89' lang='lat' dir='ltr'>nostram,</span> <span class='ocrx_word' id='word_1_67' title='bbox 1248 1066 1345 1127; x_wconf 88' lang='lat' dir='ltr'>quam</span> <span class='ocrx_word' id='word_1_68' title='bbox 1367 1045 1402 1112; x_wconf 89' lang='lat' dir='ltr'>in</span> <span class='ocrx_word' id='word_1_69' title='bbox 1426 1047 1579 1113; x_wconf 80' lang='lat' dir='ltr'>Tribnrio</span> <span class='ocrx_word' id='word_1_70' title='bbox 1596 1049 1624 1135; x_wconf 68' lang='lat' dir='ltr'>ll</span> <span class='ocrx_word' id='word_1_71' title='bbox 1641 1055 1674 1115; x_wconf 90' lang='lat' dir='ltr'>et</span> <span class='ocrx_word' id='word_1_72' title='bbox 1699 1052 1846 1118; x_wconf 89' lang='lat' dir='ltr'>terminis</span> 
     </span>
     <span class='ocr_line' id='line_1_8' title="bbox 189 1118 1923 1236; baseline 0.002 -13"><span class='ocrx_word' id='word_1_73' title='bbox 189 1156 259 1222; x_wconf 89' lang='lat' dir='ltr'>eins</span> <span class='ocrx_word' id='word_1_74' title='bbox 283 1162 433 1223; x_wconf 86' lang='lat' dir='ltr'>tenemus</span> <span class='ocrx_word' id='word_1_75' title='bbox 457 1159 489 1222; x_wconf 90' lang='lat' dir='ltr'>et</span> <span class='ocrx_word' id='word_1_76' title='bbox 514 1155 727 1236; x_wconf 83' lang='lat' dir='ltr'>possidemus,</span> <span class='ocrx_word' id='word_1_77' title='bbox 752 1159 787 1220; x_wconf 91' lang='lat' dir='ltr'>et</span> <span class='ocrx_word' id='word_1_78' title='bbox 810 1152 949 1220; x_wconf 89' lang='lat' dir='ltr'>ecclesia</span> <span class='ocrx_word' id='word_1_79' title='bbox 972 1118 1088 1219; x_wconf 70' lang='lat' dir='ltr'>nistra</span> <span class='ocrx_word' id='word_1_80' title='bbox 1104 1157 1182 1218; x_wconf 91' lang='lat' dir='ltr'>ante</span> <span class='ocrx_word' id='word_1_81' title='bbox 1198 1153 1339 1234; x_wconf 91' lang='lat' dir='ltr'>plurima</span> <span class='ocrx_word' id='word_1_82' title='bbox 1355 1159 1513 1236; x_wconf 91' lang='lat' dir='ltr'>tempora,</span> <span class='ocrx_word' id='word_1_83' title='bbox 1540 1175 1676 1236; x_wconf 89' lang='lat' dir='ltr'>quorum</span> <span class='ocrx_word' id='word_1_84' title='bbox 1691 1159 1847 1226; x_wconf 91' lang='lat' dir='ltr'>memoria</span> <span class='ocrx_word' id='word_1_85' title='bbox 1920 1187 1923 1194; x_wconf 55' lang='lat'>²</span> 
     </span>
     <span class='ocr_line' id='line_1_9' title="bbox 189 1259 1846 1349; baseline 0.002 -20"><span class='ocrx_word' id='word_1_86' title='bbox 189 1283 254 1330; x_wconf 91' lang='lat' dir='ltr'>non</span> <span class='ocrx_word' id='word_1_87' title='bbox 285 1262 408 1346; x_wconf 76' lang='lat' dir='ltr'>existit,</span> <span class='ocrx_word' id='word_1_88' title='bbox 426 1264 455 1349; x_wconf 75' lang='lat' dir='ltr'>ll</span> <span class='ocrx_word' id='word_1_89' title='bbox 471 1261 579 1328; x_wconf 89' lang='lat' dir='ltr'>tenuit</span> <span class='ocrx_word' id='word_1_90' title='bbox 610 1267 644 1327; x_wconf 89' lang='lat' dir='ltr'>et</span> <span class='ocrx_word' id='word_1_91' title='bbox 667 1259 824 1344; x_wconf 88' lang='lat' dir='ltr'>possedit,</span> <span class='ocrx_word' id='word_1_92' title='bbox 849 1259 1030 1328; x_wconf 81' lang='lat' dir='ltr'>locavimus</span> <span class='ocrx_word' id='word_1_93' title='bbox 1055 1267 1087 1328; x_wconf 90' lang='lat' dir='ltr'>et</span> <span class='ocrx_word' id='word_1_94' title='bbox 1112 1260 1332 1326; x_wconf 88' lang='lat' dir='ltr'>concessimus</span> <span class='ocrx_word' id='word_1_95' title='bbox 1355 1260 1538 1328; x_wconf 83' lang='lat' dir='ltr'>Hartmuoo</span> <span class='ocrx_word' id='word_1_96' title='bbox 1564 1265 1603 1328; x_wconf 91' lang='lat' dir='ltr'>de</span> <span class='ocrx_word' id='word_1_97' title='bbox 1627 1264 1789 1348; x_wconf 80' lang='lat' dir='ltr'>Indagine</span> <span class='ocrx_word' id='word_1_98' title='bbox 1813 1273 1846 1332; x_wconf 89' lang='lat' dir='ltr'>et</span> 
     </span>
     <span class='ocr_line' id='line_1_10' title="bbox 188 1367 1844 1461; baseline 0.001 -25"><span class='ocrx_word' id='word_1_99' title='bbox 188 1369 382 1453; x_wconf 85' lang='lat' dir='ltr'>Katherine,</span> <span class='ocrx_word' id='word_1_100' title='bbox 407 1369 502 1436; x_wconf 82' lang='lat' dir='ltr'>uxori</span> <span class='ocrx_word' id='word_1_101' title='bbox 532 1368 602 1435; x_wconf 91' lang='lat' dir='ltr'>eius</span> <span class='ocrx_word' id='word_1_102' title='bbox 633 1367 786 1452; x_wconf 77' lang='lat' dir='ltr'>legitime,</span> <span class='ocrx_word' id='word_1_103' title='bbox 811 1386 938 1433; x_wconf 89' lang='lat' dir='ltr'>necnon</span> <span class='ocrx_word' id='word_1_104' title='bbox 967 1373 1000 1432; x_wconf 92' lang='lat' dir='ltr'>et</span> <span class='ocrx_word' id='word_1_105' title='bbox 1024 1369 1186 1447; x_wconf 84' lang='lat' dir='ltr'>Cunrado,</span> <span class='ocrx_word' id='word_1_106' title='bbox 1212 1385 1324 1433; x_wconf 88' lang='lat' dir='ltr'>eorum</span> <span class='ocrx_word' id='word_1_107' title='bbox 1346 1367 1422 1448; x_wconf 90' lang='lat' dir='ltr'>filio,</span> <span class='ocrx_word' id='word_1_108' title='bbox 1448 1368 1477 1433; x_wconf 90' lang='lat' dir='ltr'>si</span> <span class='ocrx_word' id='word_1_109' title='bbox 1499 1368 1589 1451; x_wconf 90' lang='lat' dir='ltr'>ipsos</span> <span class='ocrx_word' id='word_1_110' title='bbox 1613 1371 1844 1461; x_wconf 75' lang='lat' dir='ltr'>supervixerit,</span> 
     </span>
     <span class='ocr_line' id='line_1_11' title="bbox 188 1473 1846 1560; baseline 0.002 -17"><span class='ocrx_word' id='word_1_111' title='bbox 188 1478 258 1544; x_wconf 90' lang='lat' dir='ltr'>inre</span> <span class='ocrx_word' id='word_1_112' title='bbox 283 1476 536 1560; x_wconf 88' lang='lat' dir='ltr'>emphitheotico</span> <span class='ocrx_word' id='word_1_113' title='bbox 561 1476 631 1542; x_wconf 85' lang='lat' dir='ltr'>sire</span> <span class='ocrx_word' id='word_1_114' title='bbox 654 1473 856 1542; x_wconf 89' lang='lat' dir='ltr'>hereditario</span> <span class='ocrx_word' id='word_1_115' title='bbox 872 1479 1031 1558; x_wconf 89' lang='lat' dir='ltr'>perpetuo</span> <span class='ocrx_word' id='word_1_116' title='bbox 1049 1473 1279 1556; x_wconf 88' lang='lat' dir='ltr'>possidendam</span> <span class='ocrx_word' id='word_1_117' title='bbox 1296 1493 1368 1539; x_wconf 89' lang='lat' dir='ltr'>cum</span> <span class='ocrx_word' id='word_1_118' title='bbox 1385 1475 1533 1542; x_wconf 90' lang='lat' dir='ltr'>omnibus</span> <span class='ocrx_word' id='word_1_119' title='bbox 1550 1476 1618 1542; x_wconf 89' lang='lat' dir='ltr'>suis</span> <span class='ocrx_word' id='word_1_120' title='bbox 1636 1479 1846 1560; x_wconf 89' lang='lat' dir='ltr'>pertinentiis</span> 
     </span>
     <span class='ocr_line' id='line_1_12' title="bbox 190 1579 1843 1678; baseline 0.001 -28"><span class='ocrx_word' id='word_1_121' title='bbox 190 1593 222 1650; x_wconf 85' lang='lat' dir='ltr'>et</span> <span class='ocrx_word' id='word_1_122' title='bbox 246 1583 443 1678; x_wconf 83' lang='lat' dir='ltr'>attinentiis,</span> <span class='ocrx_word' id='word_1_123' title='bbox 467 1583 517 1649; x_wconf 92' lang='lat' dir='ltr'>ita</span> <span class='ocrx_word' id='word_1_124' title='bbox 541 1585 627 1664; x_wconf 91' lang='lat' dir='ltr'>quod</span> <span class='ocrx_word' id='word_1_125' title='bbox 650 1581 748 1648; x_wconf 91' lang='lat' dir='ltr'>dictis</span> <span class='ocrx_word' id='word_1_126' title='bbox 767 1579 962 1663; x_wconf 87' lang='lat' dir='ltr'>Hartmiido,</span> <span class='ocrx_word' id='word_1_127' title='bbox 986 1579 1171 1647; x_wconf 88' lang='lat' dir='ltr'>Katherina</span> <span class='ocrx_word' id='word_1_128' title='bbox 1195 1587 1228 1645; x_wconf 93' lang='lat' dir='ltr'>et</span> <span class='ocrx_word' id='word_1_129' title='bbox 1245 1581 1407 1662; x_wconf 87' lang='lat' dir='ltr'>Cunrado,</span> <span class='ocrx_word' id='word_1_130' title='bbox 1433 1601 1543 1648; x_wconf 91' lang='lat' dir='ltr'>eorum</span> <span class='ocrx_word' id='word_1_131' title='bbox 1567 1583 1643 1665; x_wconf 88' lang='lat' dir='ltr'>filio,</span> <span class='ocrx_word' id='word_1_132' title='bbox 1669 1583 1843 1668; x_wconf 84' lang='lat' dir='ltr'>defunctis,</span> 
     </span>
     <span class='ocr_line' id='line_1_13' title="bbox 187 1686 1843 1775; baseline 0.002 -19"><span class='ocrx_word' id='word_1_133' title='bbox 187 1709 271 1757; x_wconf 89' lang='lat' dir='ltr'>unus</span> <span class='ocrx_word' id='word_1_134' title='bbox 296 1696 426 1758; x_wconf 85' lang='lat' dir='ltr'>tantum</span> <span class='ocrx_word' id='word_1_135' title='bbox 448 1691 606 1756; x_wconf 89' lang='lat' dir='ltr'>heredum</span> <span class='ocrx_word' id='word_1_136' title='bbox 628 1688 774 1771; x_wconf 89' lang='lat' dir='ltr'>ipsorum</span> <span class='ocrx_word' id='word_1_137' title='bbox 798 1687 920 1754; x_wconf 88' lang='lat' dir='ltr'>dictum</span> <span class='ocrx_word' id='word_1_138' title='bbox 944 1706 1062 1753; x_wconf 91' lang='lat' dir='ltr'>nonam</span> <span class='ocrx_word' id='word_1_139' title='bbox 1083 1705 1154 1752; x_wconf 93' lang='lat' dir='ltr'>cum</span> <span class='ocrx_word' id='word_1_140' title='bbox 1171 1686 1240 1752; x_wconf 91' lang='lat' dir='ltr'>suis</span> <span class='ocrx_word' id='word_1_141' title='bbox 1257 1687 1469 1767; x_wconf 89' lang='lat' dir='ltr'>pertinenciis</span> <span class='ocrx_word' id='word_1_142' title='bbox 1485 1695 1598 1756; x_wconf 89' lang='lat' dir='ltr'>teneat</span> <span class='ocrx_word' id='word_1_143' title='bbox 1615 1697 1648 1756; x_wconf 90' lang='lat' dir='ltr'>et</span> <span class='ocrx_word' id='word_1_144' title='bbox 1665 1691 1843 1775; x_wconf 90' lang='lat' dir='ltr'>possideat,</span> 
     </span>
     <span class='ocr_line' id='line_1_14' title="bbox 188 1795 1844 1880; baseline 0.001 -17"><span class='ocrx_word' id='word_1_145' title='bbox 188 1798 236 1863; x_wconf 87' lang='lat' dir='ltr'>ita</span> <span class='ocrx_word' id='word_1_146' title='bbox 259 1801 347 1879; x_wconf 91' lang='lat' dir='ltr'>qnod</span> <span class='ocrx_word' id='word_1_147' title='bbox 368 1797 443 1880; x_wconf 89' lang='lat' dir='ltr'>ipsa</span> <span class='ocrx_word' id='word_1_148' title='bbox 466 1817 554 1864; x_wconf 90' lang='lat' dir='ltr'>nona</span> <span class='ocrx_word' id='word_1_149' title='bbox 577 1799 665 1880; x_wconf 90' lang='lat' dir='ltr'>apud</span> <span class='ocrx_word' id='word_1_150' title='bbox 687 1814 787 1860; x_wconf 90' lang='lat' dir='ltr'>unum</span> <span class='ocrx_word' id='word_1_151' title='bbox 803 1800 933 1860; x_wconf 80' lang='lat' dir='ltr'>tantum</span> <span class='ocrx_word' id='word_1_152' title='bbox 949 1795 1100 1860; x_wconf 89' lang='lat' dir='ltr'>heredem</span> <span class='ocrx_word' id='word_1_153' title='bbox 1117 1799 1286 1859; x_wconf 88' lang='lat' dir='ltr'>remaneat</span> <span class='ocrx_word' id='word_1_154' title='bbox 1302 1801 1462 1876; x_wconf 91' lang='lat' dir='ltr'>perpetuo</span> <span class='ocrx_word' id='word_1_155' title='bbox 1477 1795 1630 1879; x_wconf 87' lang='lat' dir='ltr'>indivisa,</span> <span class='ocrx_word' id='word_1_156' title='bbox 1656 1804 1689 1864; x_wconf 91' lang='lat' dir='ltr'>et</span> <span class='ocrx_word' id='word_1_157' title='bbox 1705 1798 1734 1864; x_wconf 90' lang='lat' dir='ltr'>si</span> <span class='ocrx_word' id='word_1_158' title='bbox 1750 1819 1844 1866; x_wconf 90' lang='lat' dir='ltr'>secus</span> 
     </span>
     <span class='ocr_line' id='line_1_15' title="bbox 188 1900 1846 1987; baseline 0.001 -16"><span class='ocrx_word' id='word_1_159' title='bbox 188 1905 291 1987; x_wconf 84' lang='lat' dir='ltr'>fieret,</span> <span class='ocrx_word' id='word_1_160' title='bbox 317 1906 404 1986; x_wconf 90' lang='lat' dir='ltr'>quod</span> <span class='ocrx_word' id='word_1_161' title='bbox 427 1903 589 1970; x_wconf 91' lang='lat' dir='ltr'>dictorum</span> <span class='ocrx_word' id='word_1_162' title='bbox 607 1901 793 1984; x_wconf 84' lang='lat' dir='ltr'>Hartmirdi,</span> <span class='ocrx_word' id='word_1_163' title='bbox 817 1900 1000 1968; x_wconf 89' lang='lat' dir='ltr'>Katherine</span> <span class='ocrx_word' id='word_1_164' title='bbox 1024 1908 1058 1966; x_wconf 89' lang='lat' dir='ltr'>et</span> <span class='ocrx_word' id='word_1_165' title='bbox 1074 1900 1220 1968; x_wconf 83' lang='lat' dir='ltr'>Cunradi</span> <span class='ocrx_word' id='word_1_166' title='bbox 1242 1901 1380 1967; x_wconf 89' lang='lat' dir='ltr'>heredes</span> <span class='ocrx_word' id='word_1_167' title='bbox 1404 1921 1424 1968; x_wconf 92' lang='lat' dir='ltr'>a</span> <span class='ocrx_word' id='word_1_168' title='bbox 1448 1922 1506 1968; x_wconf 89' lang='lat' dir='ltr'>suo</span> <span class='ocrx_word' id='word_1_169' title='bbox 1530 1903 1600 1970; x_wconf 91' lang='lat' dir='ltr'>iure</span> <span class='ocrx_word' id='word_1_170' title='bbox 1624 1917 1699 1971; x_wconf 83' lang='lat' dir='ltr'>mox</span> <span class='ocrx_word' id='word_1_171' title='bbox 1722 1909 1846 1973; x_wconf 86' lang='lat' dir='ltr'>cadant</span> 
     </span>
     <span class='ocr_line' id='line_1_16' title="bbox 188 2007 1843 2095; baseline 0.003 -19"><span class='ocrx_word' id='word_1_172' title='bbox 188 2011 257 2094; x_wconf 90' lang='lat' dir='ltr'>ipso</span> <span class='ocrx_word' id='word_1_173' title='bbox 282 2010 385 2082; x_wconf 87' lang='lat' dir='ltr'>facto.</span> <span class='ocrx_word' id='word_1_174' title='bbox 430 2011 478 2076; x_wconf 78' lang='lat' dir='ltr'>ut</span> <span class='ocrx_word' id='word_1_175' title='bbox 501 2013 585 2092; x_wconf 93' lang='lat' dir='ltr'>quod</span> <span class='ocrx_word' id='word_1_176' title='bbox 603 2009 684 2076; x_wconf 90' lang='lat' dir='ltr'>dicti</span> <span class='ocrx_word' id='word_1_177' title='bbox 699 2008 912 2091; x_wconf 85' lang='lat' dir='ltr'>Hartmidus,</span> <span class='ocrx_word' id='word_1_178' title='bbox 937 2007 1122 2074; x_wconf 87' lang='lat' dir='ltr'>Katherina</span> <span class='ocrx_word' id='word_1_179' title='bbox 1139 2016 1172 2073; x_wconf 92' lang='lat' dir='ltr'>et</span> <span class='ocrx_word' id='word_1_180' title='bbox 1188 2007 1373 2091; x_wconf 75' lang='lat' dir='ltr'>cunradus,</span> <span class='ocrx_word' id='word_1_181' title='bbox 1397 2013 1504 2091; x_wconf 87' lang='lat' dir='ltr'>quoad</span> <span class='ocrx_word' id='word_1_182' title='bbox 1520 2011 1673 2095; x_wconf 82' lang='lat' dir='ltr'>vixerint,</span> <span class='ocrx_word' id='word_1_183' title='bbox 1699 2019 1732 2078; x_wconf 91' lang='lat' dir='ltr'>et</span> <span class='ocrx_word' id='word_1_184' title='bbox 1748 2014 1843 2081; x_wconf 88' lang='lat' dir='ltr'>heres</span> 
     </span>
     <span class='ocr_line' id='line_1_17' title="bbox 189 2115 1843 2203; baseline 0.001 -17"><span class='ocrx_word' id='word_1_185' title='bbox 189 2139 297 2186; x_wconf 89' lang='lat' dir='ltr'>corum</span> <span class='ocrx_word' id='word_1_186' title='bbox 321 2118 539 2200; x_wconf 85' lang='lat' dir='ltr'>successivus,</span> <span class='ocrx_word' id='word_1_187' title='bbox 565 2117 622 2199; x_wconf 92' lang='lat' dir='ltr'>qui</span> <span class='ocrx_word' id='word_1_188' title='bbox 646 2116 876 2199; x_wconf 71' lang='lat' dir='ltr'>pro‘tempore</span> <span class='ocrx_word' id='word_1_189' title='bbox 900 2115 1106 2197; x_wconf 85' lang='lat' dir='ltr'>successerit,</span> <span class='ocrx_word' id='word_1_190' title='bbox 1132 2115 1228 2182; x_wconf 90' lang='lat' dir='ltr'>nobis</span> <span class='ocrx_word' id='word_1_191' title='bbox 1252 2122 1285 2181; x_wconf 90' lang='lat' dir='ltr'>et</span> <span class='ocrx_word' id='word_1_192' title='bbox 1309 2116 1446 2183; x_wconf 88' lang='lat' dir='ltr'>ecclesie</span> <span class='ocrx_word' id='word_1_193' title='bbox 1462 2125 1575 2185; x_wconf 90' lang='lat' dir='ltr'>nostre</span> <span class='ocrx_word' id='word_1_194' title='bbox 1592 2119 1688 2186; x_wconf 89' lang='lat' dir='ltr'>armis</span> <span class='ocrx_word' id='word_1_195' title='bbox 1704 2119 1843 2203; x_wconf 81' lang='lat' dir='ltr'>singulis</span> 
     </span>
     <span class='ocr_line' id='line_1_18' title="bbox 187 2221 1844 2311; baseline 0.002 -20"><span class='ocrx_word' id='word_1_196' title='bbox 187 2226 219 2292; x_wconf 94' lang='lat' dir='ltr'>in</span> <span class='ocrx_word' id='word_1_197' title='bbox 243 2245 370 2293; x_wconf 92' lang='lat' dir='ltr'>omnem</span> <span class='ocrx_word' id='word_1_198' title='bbox 395 2231 548 2294; x_wconf 83' lang='lat' dir='ltr'>euentum</span> <span class='ocrx_word' id='word_1_199' title='bbox 572 2223 701 2290; x_wconf 88' lang='lat' dir='ltr'>nomine</span> <span class='ocrx_word' id='word_1_200' title='bbox 725 2242 833 2289; x_wconf 90' lang='lat' dir='ltr'>annue</span> <span class='ocrx_word' id='word_1_201' title='bbox 857 2221 1023 2306; x_wconf 90' lang='lat' dir='ltr'>pensionis</span> <span class='ocrx_word' id='word_1_202' title='bbox 1046 2222 1080 2288; x_wconf 92' lang='lat' dir='ltr'>in</span> <span class='ocrx_word' id='word_1_203' title='bbox 1104 2221 1190 2288; x_wconf 83' lang='lat' dir='ltr'>testo</span> <span class='ocrx_word' id='word_1_204' title='bbox 1214 2223 1306 2289; x_wconf 90' lang='lat' dir='ltr'>beati</span> <span class='ocrx_word' id='word_1_205' title='bbox 1319 2224 1502 2307; x_wconf 82' lang='lat' dir='ltr'>Mychaelis</span> <span class='ocrx_word' id='word_1_206' title='bbox 1518 2226 1709 2310; x_wconf 81' lang='lat' dir='ltr'>archangeli</span> <span class='ocrx_word' id='word_1_207' title='bbox 1725 2227 1844 2311; x_wconf 84' lang='lat' dir='ltr'>viginti</span> 
     </span>
     <span class='ocr_line' id='line_1_19' title="bbox 188 2329 1841 2414; baseline 0.001 -15"><span class='ocrx_word' id='word_1_208' title='bbox 188 2332 308 2399; x_wconf 89' lang='lat' dir='ltr'>octalia</span> <span class='ocrx_word' id='word_1_209' title='bbox 338 2331 442 2399; x_wconf 91' lang='lat' dir='ltr'>tritici</span> <span class='ocrx_word' id='word_1_210' title='bbox 472 2350 624 2398; x_wconf 88' lang='lat' dir='ltr'>mensure</span> <span class='ocrx_word' id='word_1_211' title='bbox 648 2329 972 2398; x_wconf 84' lang='lat' dir='ltr'>Frankeniordensis</span> <span class='ocrx_word' id='word_1_212' title='bbox 1004 2333 1045 2395; x_wconf 85' lang='lat' dir='ltr'>ad</span> <span class='ocrx_word' id='word_1_213' title='bbox 1076 2329 1266 2414; x_wconf 83' lang='lat' dir='ltr'>granarium</span> <span class='ocrx_word' id='word_1_214' title='bbox 1294 2337 1451 2412; x_wconf 90' lang='lat' dir='ltr'>nostrum,</span> <span class='ocrx_word' id='word_1_215' title='bbox 1478 2337 1511 2398; x_wconf 90' lang='lat' dir='ltr'>et</span> <span class='ocrx_word' id='word_1_216' title='bbox 1533 2331 1567 2398; x_wconf 92' lang='lat' dir='ltr'>in</span> <span class='ocrx_word' id='word_1_217' title='bbox 1591 2330 1676 2399; x_wconf 83' lang='lat' dir='ltr'>testo</span> <span class='ocrx_word' id='word_1_218' title='bbox 1701 2335 1841 2402; x_wconf 91' lang='lat' dir='ltr'>omnium</span> 
     </span>
     <span class='ocr_line' id='line_1_20' title="bbox 187 2437 1841 2522; baseline 0.001 -16"><span class='ocrx_word' id='word_1_219' title='bbox 187 2446 377 2506; x_wconf 86' lang='lat' dir='ltr'>sanctorum</span> <span class='ocrx_word' id='word_1_220' title='bbox 406 2446 541 2520; x_wconf 86' lang='lat' dir='ltr'>mattas,</span> <span class='ocrx_word' id='word_1_221' title='bbox 566 2437 720 2507; x_wconf 86' lang='lat' dir='ltr'>videlicet</span> <span class='ocrx_word' id='word_1_222' title='bbox 750 2457 850 2504; x_wconf 89' lang='lat' dir='ltr'>unam</span> <span class='ocrx_word' id='word_1_223' title='bbox 879 2438 982 2504; x_wconf 90' lang='lat' dir='ltr'>latam</span> <span class='ocrx_word' id='word_1_224' title='bbox 1013 2444 1092 2503; x_wconf 89' lang='lat' dir='ltr'>ante</span> <span class='ocrx_word' id='word_1_225' title='bbox 1122 2437 1239 2520; x_wconf 88' lang='lat' dir='ltr'>altare,</span> <span class='ocrx_word' id='word_1_226' title='bbox 1265 2440 1347 2503; x_wconf 88' lang='lat' dir='ltr'>duas</span> <span class='ocrx_word' id='word_1_227' title='bbox 1377 2438 1494 2522; x_wconf 86' lang='lat' dir='ltr'>longas</span> <span class='ocrx_word' id='word_1_228' title='bbox 1518 2459 1576 2521; x_wconf 91' lang='lat' dir='ltr'>pro</span> <span class='ocrx_word' id='word_1_229' title='bbox 1603 2491 1634 2506; x_wconf 94' lang='lat'>..</span> <span class='ocrx_word' id='word_1_230' title='bbox 1660 2441 1841 2508; x_wconf 88' lang='lat' dir='ltr'>scolaribus</span> 
     </span>
     <span class='ocr_line' id='line_1_21' title="bbox 186 2535 1841 2629; baseline 0.001 -17"><span class='ocrx_word' id='word_1_231' title='bbox 186 2555 218 2612; x_wconf 88' lang='lat' dir='ltr'>et</span> <span class='ocrx_word' id='word_1_232' title='bbox 246 2567 305 2629; x_wconf 90' lang='lat' dir='ltr'>pro</span> <span class='ocrx_word' id='word_1_233' title='bbox 331 2546 463 2613; x_wconf 89' lang='lat' dir='ltr'>sedibus</span> <span class='ocrx_word' id='word_1_234' title='bbox 489 2545 686 2628; x_wconf 85' lang='lat' dir='ltr'>choralibus,</span> <span class='ocrx_word' id='word_1_235' title='bbox 712 2551 871 2626; x_wconf 87' lang='lat' dir='ltr'>quotquot</span> <span class='ocrx_word' id='word_1_236' title='bbox 895 2550 972 2610; x_wconf 87' lang='lat' dir='ltr'>sunt</span> <span class='ocrx_word' id='word_1_237' title='bbox 996 2543 1184 2610; x_wconf 87' lang='lat' dir='ltr'>necessarie</span> <span class='ocrx_word' id='word_1_238' title='bbox 1209 2535 1307 2610; x_wconf 89' lang='lat' dir='ltr'>choro</span> <span class='ocrx_word' id='word_1_239' title='bbox 1330 2551 1454 2627; x_wconf 91' lang='lat' dir='ltr'>nostro,</span> <span class='ocrx_word' id='word_1_240' title='bbox 1479 2544 1713 2613; x_wconf 81' lang='lat' dir='ltr'>Frankeniord</span> <span class='ocrx_word' id='word_1_241' title='bbox 1738 2548 1841 2629; x_wconf 90' lang='lat' dir='ltr'>porri-</span> 
     </span>
     <span class='ocr_line' id='line_1_22' title="bbox 183 2651 1838 2738; baseline 0.001 -18"><span class='ocrx_word' id='word_1_242' title='bbox 183 2661 263 2738; x_wconf 82' lang='lat' dir='ltr'>gent</span> <span class='ocrx_word' id='word_1_243' title='bbox 286 2660 320 2720; x_wconf 90' lang='lat' dir='ltr'>et</span> <span class='ocrx_word' id='word_1_244' title='bbox 344 2653 537 2736; x_wconf 88' lang='lat' dir='ltr'>persolvant</span> <span class='ocrx_word' id='word_1_245' title='bbox 556 2671 667 2718; x_wconf 89' lang='lat' dir='ltr'>eorum</span> <span class='ocrx_word' id='word_1_246' title='bbox 683 2651 877 2735; x_wconf 86' lang='lat' dir='ltr'>sumptibus,</span> <span class='ocrx_word' id='word_1_247' title='bbox 902 2651 1071 2718; x_wconf 89' lang='lat' dir='ltr'>laboribus</span> <span class='ocrx_word' id='word_1_248' title='bbox 1087 2656 1121 2717; x_wconf 93' lang='lat' dir='ltr'>et</span> <span class='ocrx_word' id='word_1_249' title='bbox 1138 2652 1300 2734; x_wconf 86' lang='lat' dir='ltr'>expensis.</span> <span class='ocrx_word' id='word_1_250' title='bbox 1348 2652 1392 2717; x_wconf 85' lang='lat' dir='ltr'>Et</span> <span class='ocrx_word' id='word_1_251' title='bbox 1410 2651 1439 2718; x_wconf 88' lang='lat' dir='ltr'>si</span> <span class='ocrx_word' id='word_1_252' title='bbox 1455 2651 1611 2734; x_wconf 89' lang='lat' dir='ltr'>prelibati</span> <span class='ocrx_word' id='word_1_253' title='bbox 1626 2653 1838 2738; x_wconf 84' lang='lat' dir='ltr'>Hartmhdus,</span> 
     </span>
     <span class='ocr_line' id='line_1_23' title="bbox 181 2757 1838 2844; baseline 0.001 -18"><span class='ocrx_word' id='word_1_254' title='bbox 181 2759 371 2827; x_wconf 85' lang='lat' dir='ltr'>Katherina</span> <span class='ocrx_word' id='word_1_255' title='bbox 401 2766 435 2827; x_wconf 89' lang='lat' dir='ltr'>et</span> <span class='ocrx_word' id='word_1_256' title='bbox 458 2761 642 2842; x_wconf 81' lang='lat' dir='ltr'>Ounradus,</span> <span class='ocrx_word' id='word_1_257' title='bbox 673 2758 726 2826; x_wconf 90' lang='lat' dir='ltr'>vel</span> <span class='ocrx_word' id='word_1_258' title='bbox 757 2757 875 2840; x_wconf 89' lang='lat' dir='ltr'>aliquis</span> <span class='ocrx_word' id='word_1_259' title='bbox 905 2757 1051 2840; x_wconf 88' lang='lat' dir='ltr'>ipsorum</span> <span class='ocrx_word' id='word_1_260' title='bbox 1082 2759 1247 2840; x_wconf 89' lang='lat' dir='ltr'>heredum,</span> <span class='ocrx_word' id='word_1_261' title='bbox 1280 2757 1336 2840; x_wconf 92' lang='lat' dir='ltr'>qui</span> <span class='ocrx_word' id='word_1_262' title='bbox 1365 2779 1424 2840; x_wconf 91' lang='lat' dir='ltr'>pro</span> <span class='ocrx_word' id='word_1_263' title='bbox 1456 2763 1602 2841; x_wconf 90' lang='lat' dir='ltr'>tempore</span> <span class='ocrx_word' id='word_1_264' title='bbox 1634 2761 1838 2844; x_wconf 87' lang='lat' dir='ltr'>successerit,</span> 
     </span>
     <span class='ocr_line' id='line_1_24' title="bbox 183 2862 1839 2952; baseline 0.001 -19"><span class='ocrx_word' id='word_1_265' title='bbox 183 2867 291 2950; x_wconf 91' lang='lat' dir='ltr'>aliquo</span> <span class='ocrx_word' id='word_1_266' title='bbox 308 2867 449 2934; x_wconf 87' lang='lat' dir='ltr'>termino</span> <span class='ocrx_word' id='word_1_267' title='bbox 466 2866 500 2933; x_wconf 92' lang='lat' dir='ltr'>in</span> <span class='ocrx_word' id='word_1_268' title='bbox 517 2866 679 2933; x_wconf 87' lang='lat' dir='ltr'>solutione</span> <span class='ocrx_word' id='word_1_269' title='bbox 696 2865 927 2948; x_wconf 87' lang='lat' dir='ltr'>predictorum,</span> <span class='ocrx_word' id='word_1_270' title='bbox 952 2871 1126 2947; x_wconf 88' lang='lat' dir='ltr'>postquam</span> <span class='ocrx_word' id='word_1_271' title='bbox 1142 2865 1284 2932; x_wconf 90' lang='lat' dir='ltr'>monitus</span> <span class='ocrx_word' id='word_1_272' title='bbox 1300 2862 1411 2948; x_wconf 84' lang='lat' dir='ltr'>fuerit,</span> <span class='ocrx_word' id='word_1_273' title='bbox 1437 2886 1496 2949; x_wconf 88' lang='lat' dir='ltr'>per</span> <span class='ocrx_word' id='word_1_274' title='bbox 1511 2887 1653 2933; x_wconf 90' lang='lat' dir='ltr'>mensem</span> <span class='ocrx_word' id='word_1_275' title='bbox 1670 2869 1839 2952; x_wconf 82' lang='lat' dir='ltr'>neghgens</span> 
     </span>
     <span class='ocr_line' id='line_1_25' title="bbox 182 2971 1840 3056; baseline 0.001 -16"><span class='ocrx_word' id='word_1_276' title='bbox 182 2973 337 3041; x_wconf 80' lang='lat' dir='ltr'>existerit</span> <span class='ocrx_word' id='word_1_277' title='bbox 367 2975 421 3042; x_wconf 85' lang='lat' dir='ltr'>rel</span> <span class='ocrx_word' id='word_1_278' title='bbox 450 2973 622 3053; x_wconf 90' lang='lat' dir='ltr'>remissus,</span> <span class='ocrx_word' id='word_1_279' title='bbox 653 2973 725 3055; x_wconf 90' lang='lat' dir='ltr'>ipso</span> <span class='ocrx_word' id='word_1_280' title='bbox 756 2971 847 3039; x_wconf 81' lang='lat' dir='ltr'>tacto</span> <span class='ocrx_word' id='word_1_281' title='bbox 879 2993 899 3038; x_wconf 85' lang='grc'><em>0</em></span> <span class='ocrx_word' id='word_1_282' title='bbox 929 2991 988 3038; x_wconf 94' lang='lat' dir='ltr'>suo</span> <span class='ocrx_word' id='word_1_283' title='bbox 1018 2971 1089 3038; x_wconf 92' lang='lat' dir='ltr'>iure</span> <span class='ocrx_word' id='word_1_284' title='bbox 1120 2971 1246 3038; x_wconf 89' lang='lat' dir='ltr'>recedit</span> <span class='ocrx_word' id='word_1_285' title='bbox 1276 2972 1407 3054; x_wconf 88' lang='lat' dir='ltr'>penitus</span> <span class='ocrx_word' id='word_1_286' title='bbox 1439 2980 1537 3054; x_wconf 88' lang='lat' dir='ltr'>atque</span> <span class='ocrx_word' id='word_1_287' title='bbox 1569 2973 1667 3056; x_wconf 90' lang='lat' dir='ltr'>cadit,</span> <span class='ocrx_word' id='word_1_288' title='bbox 1699 2974 1840 3042; x_wconf 91' lang='lat' dir='ltr'>omnium</span> 
     </span>
     <span class='ocr_line' id='line_1_26' title="bbox 180 3077 1864 3164; baseline 0.001 -17"><span class='ocrx_word' id='word_1_289' title='bbox 180 3081 385 3164; x_wconf 88' lang='lat' dir='ltr'>iudiciorum,</span> <span class='ocrx_word' id='word_1_290' title='bbox 400 3078 550 3148; x_wconf 89' lang='lat' dir='ltr'>canonici</span> <span class='ocrx_word' id='word_1_291' title='bbox 566 3085 599 3146; x_wconf 88' lang='lat' dir='ltr'>et</span> <span class='ocrx_word' id='word_1_292' title='bbox 616 3079 731 3160; x_wconf 77' lang='lat' dir='ltr'>civiHS,</span> <span class='ocrx_word' id='word_1_293' title='bbox 749 3077 890 3161; x_wconf 88' lang='lat' dir='ltr'>strepitu</span> <span class='ocrx_word' id='word_1_294' title='bbox 908 3079 1096 3160; x_wconf 87' lang='lat' dir='ltr'>quiescente</span> <span class='ocrx_word' id='word_1_295' title='bbox 1113 3085 1147 3145; x_wconf 93' lang='lat' dir='ltr'>et</span> <span class='ocrx_word' id='word_1_296' title='bbox 1163 3079 1424 3146; x_wconf 87' lang='lat' dir='ltr'>contradictione</span> <span class='ocrx_word' id='word_1_297' title='bbox 1440 3079 1585 3162; x_wconf 89' lang='lat' dir='ltr'>qualibet</span> <span class='ocrx_word' id='word_1_298' title='bbox 1597 3100 1662 3147; x_wconf 91' lang='lat' dir='ltr'>non</span> <span class='ocrx_word' id='word_1_299' title='bbox 1674 3083 1837 3148; x_wconf 88' lang='lat' dir='ltr'>obstante.</span> <span class='ocrx_word' id='word_1_300' title='bbox 1863 3133 1864 3138; x_wconf 64' lang='lat'>,</span> 
     </span>
     <span class='ocr_line' id='line_1_27' title="bbox 180 3177 1839 3269; baseline 0.001 -17"><span class='ocrx_word' id='word_1_301' title='bbox 180 3188 220 3254; x_wconf 92' lang='lat' dir='ltr'>In</span> <span class='ocrx_word' id='word_1_302' title='bbox 250 3187 474 3254; x_wconf 89' lang='lat' dir='ltr'>testimonium</span> <span class='ocrx_word' id='word_1_303' title='bbox 499 3186 641 3254; x_wconf 91' lang='lat' dir='ltr'>omnium</span> <span class='ocrx_word' id='word_1_304' title='bbox 664 3185 898 3269; x_wconf 89' lang='lat' dir='ltr'>premissorum</span> <span class='ocrx_word' id='word_1_305' title='bbox 921 3185 1064 3269; x_wconf 82' lang='lat' dir='ltr'>sigillum</span> <span class='ocrx_word' id='word_1_306' title='bbox 1089 3184 1225 3251; x_wconf 88' lang='lat' dir='ltr'>ecclesie</span> <span class='ocrx_word' id='word_1_307' title='bbox 1249 3191 1361 3252; x_wconf 90' lang='lat' dir='ltr'>nostre</span> <span class='ocrx_word' id='word_1_308' title='bbox 1385 3177 1490 3252; x_wconf 84' lang='lat' dir='ltr'>maius</span> <span class='ocrx_word' id='word_1_309' title='bbox 1515 3187 1722 3268; x_wconf 88' lang='lat' dir='ltr'>presentibus</span> <span class='ocrx_word' id='word_1_310' title='bbox 1746 3188 1839 3254; x_wconf 85' lang='lat' dir='ltr'>duxi·</span> 
     </span>
     <span class='ocr_line' id='line_1_28' title="bbox 179 3272 1836 3377; baseline 0.001 -18"><span class='ocrx_word' id='word_1_311' title='bbox 179 3313 250 3360; x_wconf 89' lang='lat' dir='ltr'>mus</span> <span class='ocrx_word' id='word_1_312' title='bbox 282 3296 542 3377; x_wconf 85' lang='lat' dir='ltr'>appendendum.</span> <span class='ocrx_word' id='word_1_313' title='bbox 591 3295 711 3359; x_wconf 88' lang='lat' dir='ltr'>Actum</span> <span class='ocrx_word' id='word_1_314' title='bbox 743 3297 776 3359; x_wconf 90' lang='lat' dir='ltr'>et</span> <span class='ocrx_word' id='word_1_315' title='bbox 806 3295 919 3358; x_wconf 89' lang='lat' dir='ltr'>datum</span> <span class='ocrx_word' id='word_1_316' title='bbox 950 3312 1035 3359; x_wconf 89' lang='lat' dir='ltr'>anno</span> <span class='ocrx_word' id='word_1_317' title='bbox 1064 3290 1186 3358; x_wconf 90' lang='lat' dir='ltr'>domini</span> <span class='ocrx_word' id='word_1_318' title='bbox 1208 3293 1249 3358; x_wconf 86' lang='lat' dir='ltr'>rh.</span> <span class='ocrx_word' id='word_1_319' title='bbox 1273 3289 1337 3358; x_wconf 79' lang='lat' dir='ltr'>cic.</span> <span class='ocrx_word' id='word_1_320' title='bbox 1360 3273 1449 3376; x_wconf 72' lang='lat' dir='ltr'>XX,</span> <span class='ocrx_word' id='word_1_321' title='bbox 1474 3272 1547 3360; x_wconf 72' lang='lat' dir='ltr'><strong>X⁰V.</strong></span> <span class='ocrx_word' id='word_1_322' title='bbox 1573 3293 1734 3360; x_wconf 81' lang='lat' dir='ltr'>kalendas</span> <span class='ocrx_word' id='word_1_323' title='bbox 1757 3294 1836 3360; x_wconf 92' lang='lat' dir='ltr'>iulii.</span> 
     </span>
    </p>
   </div>
   <div class='ocr_carea' id='block_1_5' title="bbox 397 3432 1897 3860">
    <p class='ocr_par' dir='ltr' id='par_1_5' title="bbox 398 3432 1897 3580">
     <span class='ocr_line' id='line_1_29' title="bbox 398 3432 1836 3506; baseline -0.001 -15"><span class='ocrx_word' id='word_1_324' title='bbox 398 3435 444 3491; x_wconf 90' lang='lat' dir='ltr'>Or.</span> <span class='ocrx_word' id='word_1_325' title='bbox 458 3435 546 3506; x_wconf 77' lang='lat' dir='ltr'>qut.</span> <span class='ocrx_word' id='word_1_326' title='bbox 580 3436 639 3490; x_wconf 79' lang='lat' dir='ltr'>Voo</span> <span class='ocrx_word' id='word_1_327' title='bbox 658 3435 717 3488; x_wconf 83' lang='lat' dir='ltr'>clem</span> <span class='ocrx_word' id='word_1_328' title='bbox 736 3435 932 3503; x_wconf 74' lang='lat' dir='ltr'>athoapendca</span> <span class='ocrx_word' id='word_1_329' title='bbox 946 3432 1130 3504; x_wconf 63' lang='lat' dir='ltr'>stitis-Sicuti</span> <span class='ocrx_word' id='word_1_330' title='bbox 1148 3435 1184 3489; x_wconf 80' lang='lat' dir='ltr'>iet</span> <span class='ocrx_word' id='word_1_331' title='bbox 1203 3451 1257 3488; x_wconf 76' lang='lat' dir='ltr'>aar</span> <span class='ocrx_word' id='word_1_332' title='bbox 1277 3435 1503 3490; x_wconf 76' lang='lat' dir='ltr'>eiuBruehstrtolr</span> <span class='ocrx_word' id='word_1_333' title='bbox 1522 3436 1650 3490; x_wconf 73' lang='lat' dir='ltr'>mholten.</span> <span class='ocrx_word' id='word_1_334' title='bbox 1688 3435 1728 3490; x_wconf 81' lang='lat' dir='ltr'>st.</span> <span class='ocrx_word' id='word_1_335' title='bbox 1738 3438 1774 3492; x_wconf 75' lang='lat' dir='ltr'>A.</span> <span class='ocrx_word' id='word_1_336' title='bbox 1786 3437 1836 3491; x_wconf 84' lang='lat' dir='ltr'>Fr.</span> 
     </span>
     <span class='ocr_line' id='line_1_30' title="bbox 447 3523 1897 3580; baseline -0.001 -2"><span class='ocrx_word' id='word_1_337' title='bbox 447 3525 548 3580; x_wconf 76' lang='lat' dir='ltr'>Barth.</span> <span class='ocrx_word' id='word_1_338' title='bbox 562 3523 601 3578; x_wconf 76' lang='lat' dir='ltr'>st.</span> <span class='ocrx_word' id='word_1_339' title='bbox 615 3525 669 3578; x_wconf 87' lang='lat' dir='ltr'>No.</span> <span class='ocrx_word' id='word_1_340' title='bbox 682 3527 761 3578; x_wconf 85' lang='grc'><em>3121.</em></span> <span class='ocrx_word' id='word_1_341' title='bbox 1895 3562 1897 3568; x_wconf 42' lang='grc'><strong>.</strong></span> 
     </span>
    </p>

    <p class='ocr_par' dir='ltr' id='par_1_6' title="bbox 397 3611 1837 3772">
     <span class='ocr_line' id='line_1_31' title="bbox 397 3611 1837 3686; baseline 0.001 -19"><span class='ocrx_word' id='word_1_342' title='bbox 397 3613 495 3668; x_wconf 75' lang='grc' dir='ltr'>θεάν..·</span> <span class='ocrx_word' id='word_1_343' title='bbox 524 3613 601 3681; x_wconf 80' lang='lat' dir='ltr'>Orth,</span> <span class='ocrx_word' id='word_1_344' title='bbox 627 3611 832 3681; x_wconf 60' lang='lat' dir='ltr'>Recentoricus,</span> <span class='ocrx_word' id='word_1_345' title='bbox 859 3611 913 3680; x_wconf 88' lang='lat' dir='ltr'>IV,</span> <span class='ocrx_word' id='word_1_346' title='bbox 939 3615 1027 3680; x_wconf 63' lang='lat'><em>105&amp;</em></span> <span class='ocrx_word' id='word_1_347' title='bbox 1053 3635 1085 3658; x_wconf 89' lang='lat'><strong><em>=</em></strong></span> <span class='ocrx_word' id='word_1_348' title='bbox 1113 3614 1156 3681; x_wconf 79' lang='lat' dir='ltr'>B,</span> <span class='ocrx_word' id='word_1_349' title='bbox 1175 3615 1238 3682; x_wconf 76' lang='lat'>453,</span> <span class='ocrx_word' id='word_1_350' title='bbox 1257 3615 1307 3668; x_wconf 82' lang='lat' dir='ltr'>mit</span> <span class='ocrx_word' id='word_1_351' title='bbox 1321 3614 1553 3686; x_wconf 74' lang='lat' dir='ltr'>Verbesseruupeo</span> <span class='ocrx_word' id='word_1_352' title='bbox 1571 3615 1642 3669; x_wconf 80' lang='lat' dir='ltr'>uach</span> <span class='ocrx_word' id='word_1_353' title='bbox 1660 3615 1719 3668; x_wconf 83' lang='lat' dir='ltr'>dem</span> <span class='ocrx_word' id='word_1_354' title='bbox 1740 3614 1785 3671; x_wconf 90' lang='lat' dir='ltr'>Or.</span> <span class='ocrx_word' id='word_1_355' title='bbox 1800 3616 1837 3669; x_wconf 85' lang='lat' dir='ltr'>r&#39;m</span> 
     </span>
     <span class='ocr_line' id='line_1_32' title="bbox 449 3702 881 3772; baseline 0.002 -16"><span class='ocrx_word' id='word_1_356' title='bbox 449 3703 503 3756; x_wconf 85' lang='lat' dir='ltr'>Me.</span> <span class='ocrx_word' id='word_1_357' title='bbox 523 3703 594 3758; x_wconf 79' lang='lat' dir='ltr'>uach</span> <span class='ocrx_word' id='word_1_358' title='bbox 612 3702 661 3756; x_wconf 81' lang='lat' dir='ltr'>der</span> <span class='ocrx_word' id='word_1_359' title='bbox 679 3702 881 3772; x_wconf 76' lang='lat' dir='ltr'>Drucklepuap.</span> 
     </span>
    </p>

    <p class='ocr_par' dir='ltr' id='par_1_7' title="bbox 399 3791 809 3860">
     <span class='ocr_line' id='line_1_33' title="bbox 399 3791 809 3860; baseline 0 -14"><span class='ocrx_word' id='word_1_360' title='bbox 399 3791 492 3846; x_wconf 69' lang='lat' dir='ltr'>Vera:</span> <span class='ocrx_word' id='word_1_361' title='bbox 509 3791 616 3859; x_wconf 61' lang='lat' dir='ltr'>Scriba,</span> <span class='ocrx_word' id='word_1_362' title='bbox 635 3791 661 3860; x_wconf 86' lang='grc' dir='ltr'>Ι,</span> <span class='ocrx_word' id='word_1_363' title='bbox 680 3791 809 3846; x_wconf 70' lang='grc'><em>100846.</em></span> 
     </span>
    </p>
   </div>
   <div class='ocr_carea' id='block_1_6' title="bbox 177 4121 1834 4651">
    <p class='ocr_par' dir='ltr' id='par_1_8' title="bbox 177 4121 1834 4651">
     <span class='ocr_line' id='line_1_34' title="bbox 177 4121 1834 4223; baseline 0.001 -15"><span class='ocrx_word' id='word_1_364' title='bbox 177 4134 269 4208; x_wconf 85' lang='lat'>141.</span> <span class='ocrx_word' id='word_1_365' title='bbox 296 4139 366 4206; x_wconf 82' lang='lat' dir='ltr'>Der</span> <span class='ocrx_word' id='word_1_366' title='bbox 388 4140 517 4207; x_wconf 80' lang='lat' dir='ltr'>Kuator</span> <span class='ocrx_word' id='word_1_367' title='bbox 541 4162 593 4207; x_wconf 87' lang='lat' dir='ltr'>om</span> <span class='ocrx_word' id='word_1_368' title='bbox 616 4139 835 4222; x_wconf 74' lang='lat' dir='ltr'>Froulcfortcr</span> <span class='ocrx_word' id='word_1_369' title='bbox 850 4141 895 4206; x_wconf 81' lang='lat' dir='ltr'>St.</span> <span class='ocrx_word' id='word_1_370' title='bbox 910 4121 1247 4223; x_wconf 55' lang='lat' dir='ltr'>Borth&#39;olomocusstr&#39;st</span> <span class='ocrx_word' id='word_1_371' title='bbox 1262 4141 1428 4207; x_wconf 79' lang='lat' dir='ltr'>Rcinlourd</span> <span class='ocrx_word' id='word_1_372' title='bbox 1451 4143 1609 4208; x_wconf 80' lang='lat' dir='ltr'>schlicbtct</span> <span class='ocrx_word' id='word_1_373' title='bbox 1635 4145 1722 4208; x_wconf 70' lang='grc'><em>0000</em></span> <span class='ocrx_word' id='word_1_374' title='bbox 1739 4146 1834 4210; x_wconf 77' lang='lat' dir='ltr'>suec</span> 
     </span>
     <span class='ocr_line' id='line_1_35' title="bbox 294 4247 1832 4332; baseline 0.001 -18"><span class='ocrx_word' id='word_1_375' title='bbox 294 4249 452 4314; x_wconf 69' lang='lat' dir='ltr'>zwiscircn</span> <span class='ocrx_word' id='word_1_376' title='bbox 480 4249 550 4314; x_wconf 83' lang='lat' dir='ltr'>dem</span> <span class='ocrx_word' id='word_1_377' title='bbox 580 4247 713 4314; x_wconf 84' lang='lat' dir='ltr'>Klostcr</span> <span class='ocrx_word' id='word_1_378' title='bbox 743 4247 915 4332; x_wconf 73' lang='lat' dir='ltr'>Arusburq</span> <span class='ocrx_word' id='word_1_379' title='bbox 945 4248 1012 4311; x_wconf 80' lang='lat' dir='ltr'>arrd</span> <span class='ocrx_word' id='word_1_380' title='bbox 1043 4247 1192 4314; x_wconf 75' lang='lat' dir='ltr'>Andreas</span> <span class='ocrx_word' id='word_1_381' title='bbox 1221 4250 1345 4314; x_wconf 78' lang='lat' dir='ltr'>Schotto</span> <span class='ocrx_word' id='word_1_382' title='bbox 1374 4249 1450 4314; x_wconf 78' lang='lat' dir='ltr'>iiber</span> <span class='ocrx_word' id='word_1_383' title='bbox 1480 4250 1540 4314; x_wconf 85' lang='lat' dir='ltr'>dus</span> <span class='ocrx_word' id='word_1_384' title='bbox 1573 4251 1750 4316; x_wconf 79' lang='lat' dir='ltr'>Testurrreut</span> <span class='ocrx_word' id='word_1_385' title='bbox 1778 4252 1832 4316; x_wconf 81' lang='lat' dir='ltr'>des</span> 
     </span>
     <span class='ocr_line' id='line_1_36' title="bbox 295 4345 1832 4441; baseline 0.003 -22"><span class='ocrx_word' id='word_1_386' title='bbox 295 4345 443 4420; x_wconf 76' lang='lat' dir='ltr'>Koutors</span> <span class='ocrx_word' id='word_1_387' title='bbox 457 4355 596 4441; x_wconf 75' lang='lat' dir='ltr'>Wipaod</span> <span class='ocrx_word' id='word_1_388' title='bbox 619 4377 664 4421; x_wconf 81' lang='lat' dir='ltr'>on</span> <span class='ocrx_word' id='word_1_389' title='bbox 678 4355 723 4422; x_wconf 80' lang='lat' dir='ltr'>st.</span> <span class='ocrx_word' id='word_1_390' title='bbox 737 4353 986 4438; x_wconf 72' lang='lat' dir='ltr'>Muricuqrcdco</span> <span class='ocrx_word' id='word_1_391' title='bbox 1007 4376 1049 4418; x_wconf 74' lang='lat' dir='ltr'>ru</span> <span class='ocrx_word' id='word_1_392' title='bbox 1065 4355 1189 4420; x_wconf 68' lang='lat' dir='ltr'>Mutae.</span> <span class='ocrx_word' id='word_1_393' title='bbox 1237 4355 1286 4420; x_wconf 83' lang='lat' dir='ltr'>Es</span> <span class='ocrx_word' id='word_1_394' title='bbox 1309 4356 1417 4440; x_wconf 74' lang='lat' dir='ltr'>sieqclt</span> <span class='ocrx_word' id='word_1_395' title='bbox 1439 4377 1553 4421; x_wconf 85' lang='lat' dir='ltr'>ausser</span> <span class='ocrx_word' id='word_1_396' title='bbox 1571 4357 1640 4420; x_wconf 83' lang='lat' dir='ltr'>doru</span> <span class='ocrx_word' id='word_1_397' title='bbox 1656 4357 1832 4423; x_wconf 81' lang='lat' dir='ltr'>Ausstellcr</span> 
     </span>
     <span class='ocr_line' id='line_1_37' title="bbox 295 4459 1829 4548; baseline 0.003 -22"><span class='ocrx_word' id='word_1_398' title='bbox 295 4462 353 4526; x_wconf 83' lang='lat' dir='ltr'>der</span> <span class='ocrx_word' id='word_1_399' title='bbox 386 4461 606 4544; x_wconf 80' lang='lat' dir='ltr'>Fraulrfrrrter</span> <span class='ocrx_word' id='word_1_400' title='bbox 643 4463 786 4545; x_wconf 71' lang='lat' dir='ltr'>Officiol.</span> <span class='ocrx_word' id='word_1_401' title='bbox 844 4462 1030 4548; x_wconf 73' lang='lat' dir='ltr'>Friedbcry,</span> <span class='ocrx_word' id='word_1_402' title='bbox 1068 4467 1154 4527; x_wconf 85' lang='grc'><em>1320</em></span> <span class='ocrx_word' id='word_1_403' title='bbox 1189 4462 1271 4528; x_wconf 73' lang='grc'><em>0000·</em></span> <span class='ocrx_word' id='word_1_404' title='bbox 1305 4468 1349 4527; x_wconf 88' lang='grc'>20</span> <span class='ocrx_word' id='word_1_405' title='bbox 1383 4459 1483 4548; x_wconf 83' lang='lat' dir='ltr'>(feria</span> <span class='ocrx_word' id='word_1_406' title='bbox 1513 4463 1533 4528; x_wconf 89' lang='grc'><strong>6</strong></span> <span class='ocrx_word' id='word_1_407' title='bbox 1565 4468 1642 4528; x_wconf 89' lang='lat' dir='ltr'>ante</span> <span class='ocrx_word' id='word_1_408' title='bbox 1673 4463 1776 4531; x_wconf 86' lang='lat' dir='ltr'>nativ.</span> <span class='ocrx_word' id='word_1_409' title='bbox 1804 4483 1829 4530; x_wconf 84' lang='lat' dir='ltr'>s</span> 
     </span>
     <span class='ocr_line' id='line_1_38' title="bbox 295 4568 578 4651; baseline -0.004 -16"><span class='ocrx_word' id='word_1_410' title='bbox 295 4568 439 4635; x_wconf 81' lang='lat' dir='ltr'>Joannis</span> <span class='ocrx_word' id='word_1_411' title='bbox 462 4568 578 4651; x_wconf 84' lang='lat' dir='ltr'>bapt).</span> 
     </span>
    </p>
   </div>
   <div class='ocr_carea' id='block_1_7' title="bbox 389 4710 1417 4784">
    <p class='ocr_par' dir='ltr' id='par_1_9' title="bbox 389 4710 1417 4784">
     <span class='ocr_line' id='line_1_39' title="bbox 389 4710 1417 4784; baseline 0 -19"><span class='ocrx_word' id='word_1_412' title='bbox 389 4711 504 4782; x_wconf 73' lang='lat' dir='ltr'>Repeti:</span> <span class='ocrx_word' id='word_1_413' title='bbox 522 4712 624 4766; x_wconf 82' lang='lat' dir='ltr'>Arueb.</span> <span class='ocrx_word' id='word_1_414' title='bbox 639 4711 712 4776; x_wconf 78' lang='lat' dir='ltr'>Uria,</span> <span class='ocrx_word' id='word_1_415' title='bbox 732 4715 786 4767; x_wconf 83' lang='lat'>312</span> <span class='ocrx_word' id='word_1_416' title='bbox 805 4714 876 4768; x_wconf 80' lang='lat' dir='ltr'>Auru</span> <span class='ocrx_word' id='word_1_417' title='bbox 886 4754 894 4781; x_wconf 92' lang='lat'>,</span> <span class='ocrx_word' id='word_1_418' title='bbox 913 4712 963 4784; x_wconf 74' lang='lat' dir='ltr'>upl.</span> <span class='ocrx_word' id='word_1_419' title='bbox 978 4711 1084 4779; x_wconf 79' lang='lat' dir='ltr'>Gudeo,</span> <span class='ocrx_word' id='word_1_420' title='bbox 1104 4711 1168 4768; x_wconf 77' lang='lat' dir='ltr'>Ocri.</span> <span class='ocrx_word' id='word_1_421' title='bbox 1182 4712 1270 4782; x_wconf 77' lang='lat' dir='ltr'>Dipt,</span> <span class='ocrx_word' id='word_1_422' title='bbox 1290 4710 1320 4780; x_wconf 88' lang='lat' dir='ltr'>V,</span> <span class='ocrx_word' id='word_1_423' title='bbox 1340 4715 1417 4766; x_wconf 85' lang='lat'><em>1167.</em></span> 
     </span>
    </p>
   </div>
   <div class='ocr_carea' id='block_1_8' title="bbox 172 5049 1828 5360">
    <p class='ocr_par' dir='ltr' id='par_1_10' title="bbox 172 5049 1828 5360">
     <span class='ocr_line' id='line_1_40' title="bbox 172 5049 1828 5162; baseline 0.001 -37"><span class='ocrx_word' id='word_1_424' title='bbox 172 5049 265 5125; x_wconf 86' lang='grc'>142.</span> <span class='ocrx_word' id='word_1_425' title='bbox 291 5059 412 5162; x_wconf 79' lang='lat' dir='ltr'>Wiclter</span> <span class='ocrx_word' id='word_1_426' title='bbox 441 5053 501 5125; x_wconf 80' lang='lat' dir='ltr'>ooo</span> <span class='ocrx_word' id='word_1_427' title='bbox 527 5061 699 5152; x_wconf 78' lang='lat' dir='ltr'>Offeuboch</span> <span class='ocrx_word' id='word_1_428' title='bbox 727 5065 866 5145; x_wconf 75' lang='lat' dir='ltr'>pensant</span> <span class='ocrx_word' id='word_1_429' title='bbox 894 5083 954 5126; x_wconf 68' lang='lat' dir='ltr'>rur</span> <span class='ocrx_word' id='word_1_430' title='bbox 976 5060 1096 5140; x_wconf 77' lang='lat' dir='ltr'>Rusca,</span> <span class='ocrx_word' id='word_1_431' title='bbox 1121 5063 1171 5125; x_wconf 81' lang='lat' dir='ltr'>eiu</span> <span class='ocrx_word' id='word_1_432' title='bbox 1194 5059 1413 5142; x_wconf 80' lang='lat' dir='ltr'>Froulrforter</span> <span class='ocrx_word' id='word_1_433' title='bbox 1436 5060 1575 5145; x_wconf 75' lang='lat' dir='ltr'>Brir&#39;qer,</span> <span class='ocrx_word' id='word_1_434' title='bbox 1608 5062 1743 5140; x_wconf 77' lang='lat' dir='ltr'>behemot,</span> <span class='ocrx_word' id='word_1_435' title='bbox 1769 5083 1828 5126; x_wconf 83' lang='lat' dir='ltr'>ooo</span> 
     </span>
     <span class='ocr_line' id='line_1_41' title="bbox 291 5165 1827 5266; baseline 0.003 -36"><span class='ocrx_word' id='word_1_436' title='bbox 291 5167 361 5231; x_wconf 79' lang='lat' dir='ltr'>dem</span> <span class='ocrx_word' id='word_1_437' title='bbox 389 5167 435 5233; x_wconf 81' lang='lat' dir='ltr'>st.</span> <span class='ocrx_word' id='word_1_438' title='bbox 453 5165 634 5248; x_wconf 78' lang='lat' dir='ltr'>Peterssiift</span> <span class='ocrx_word' id='word_1_439' title='bbox 662 5189 705 5232; x_wconf 71' lang='lat' dir='ltr'>au</span> <span class='ocrx_word' id='word_1_440' title='bbox 735 5167 850 5233; x_wconf 69' lang='lat' dir='ltr'>Motae</span> <span class='ocrx_word' id='word_1_441' title='bbox 879 5169 989 5232; x_wconf 81' lang='lat' dir='ltr'>descen</span> <span class='ocrx_word' id='word_1_442' title='bbox 1020 5167 1224 5266; x_wconf 76' lang='lat' dir='ltr'>Rottaclmtea</span> <span class='ocrx_word' id='word_1_443' title='bbox 1255 5171 1288 5232; x_wconf 81' lang='lat' dir='ltr'>io</span> <span class='ocrx_word' id='word_1_444' title='bbox 1318 5169 1374 5233; x_wconf 82' lang='lat' dir='ltr'>der</span> <span class='ocrx_word' id='word_1_445' title='bbox 1399 5167 1604 5252; x_wconf 73' lang='lat' dir='ltr'>Gemorhuoq</span> <span class='ocrx_word' id='word_1_446' title='bbox 1627 5169 1682 5233; x_wconf 82' lang='lat' dir='ltr'>des</span> <span class='ocrx_word' id='word_1_447' title='bbox 1704 5167 1827 5251; x_wconf 75' lang='lat' dir='ltr'>Dorfes</span> 
     </span>
     <span class='ocr_line' id='line_1_42' title="bbox 294 5274 1828 5360; baseline 0 -20"><span class='ocrx_word' id='word_1_448' title='bbox 294 5274 466 5354; x_wconf 79' lang='lat' dir='ltr'>Offeubaob</span> <span class='ocrx_word' id='word_1_449' title='bbox 496 5274 562 5338; x_wconf 80' lang='lat' dir='ltr'>crud</span> <span class='ocrx_word' id='word_1_450' title='bbox 591 5274 703 5340; x_wconf 77' lang='lat' dir='ltr'>dassen</span> <span class='ocrx_word' id='word_1_451' title='bbox 727 5274 943 5359; x_wconf 72' lang='lat' dir='ltr'>Besitzuuqea</span> <span class='ocrx_word' id='word_1_452' title='bbox 972 5279 1006 5340; x_wconf 78' lang='lat' dir='ltr'>iu</span> <span class='ocrx_word' id='word_1_453' title='bbox 1036 5275 1092 5339; x_wconf 83' lang='lat' dir='ltr'>der</span> <span class='ocrx_word' id='word_1_454' title='bbox 1117 5274 1322 5359; x_wconf 71' lang='lat' dir='ltr'>Gcrnorhunq</span> <span class='ocrx_word' id='word_1_455' title='bbox 1352 5276 1407 5340; x_wconf 82' lang='lat' dir='ltr'>des</span> <span class='ocrx_word' id='word_1_456' title='bbox 1434 5274 1552 5357; x_wconf 81' lang='lat' dir='ltr'>Dorses</span> <span class='ocrx_word' id='word_1_457' title='bbox 1576 5275 1700 5359; x_wconf 72' lang='lat' dir='ltr'>Br&#39;r&#39;rqel</span> <span class='ocrx_word' id='word_1_458' title='bbox 1728 5297 1828 5360; x_wconf 71' lang='lat' dir='ltr'>papea</span> 
     </span>
    </p>
   </div>
   <div class='ocr_carea' id='block_1_9' title="bbox 290 5379 1826 5554">
    <p class='ocr_par' dir='ltr' id='par_1_11' title="bbox 290 5379 1826 5554">
     <span class='ocr_line' id='line_1_43' title="bbox 291 5379 1826 5466; baseline 0.002 -23"><span class='ocrx_word' id='word_1_459' title='bbox 291 5384 313 5443; x_wconf 76' lang='lat'><strong><em>4</em></strong></span> <span class='ocrx_word' id='word_1_460' title='bbox 336 5379 446 5446; x_wconf 83' lang='lat' dir='ltr'>Aclrtel</span> <span class='ocrx_word' id='word_1_461' title='bbox 466 5379 599 5465; x_wconf 68' lang='lat' dir='ltr'>Repperi</span> <span class='ocrx_word' id='word_1_462' title='bbox 616 5381 798 5462; x_wconf 77' lang='lat' dir='ltr'>jiihrlichao</span> <span class='ocrx_word' id='word_1_463' title='bbox 816 5380 929 5447; x_wconf 82' lang='lat' dir='ltr'>Zioses</span> <span class='ocrx_word' id='word_1_464' title='bbox 951 5382 1016 5463; x_wconf 70' lang='lat' dir='ltr'>crof</span> <span class='ocrx_word' id='word_1_465' title='bbox 1036 5384 1119 5446; x_wconf 80' lang='lat' dir='ltr'>scine</span> <span class='ocrx_word' id='word_1_466' title='bbox 1135 5380 1315 5446; x_wconf 70' lang='lat' dir='ltr'>cheuseott</span> <span class='ocrx_word' id='word_1_467' title='bbox 1337 5383 1496 5466; x_wconf 76' lang='lat' dir='ltr'>pepocldct</span> <span class='ocrx_word' id='word_1_468' title='bbox 1518 5403 1559 5445; x_wconf 71' lang='lat' dir='ltr'>aa</span> <span class='ocrx_word' id='word_1_469' title='bbox 1582 5382 1690 5446; x_wconf 77' lang='lat' dir='ltr'>hohen.</span> <span class='ocrx_word' id='word_1_470' title='bbox 1739 5388 1826 5446; x_wconf 84' lang='grc'><em>1320</em></span> 
     </span>
     <span class='ocr_line' id='line_1_44' title="bbox 290 5486 416 5554; baseline -0.016 0"><span class='ocrx_word' id='word_1_471' title='bbox 290 5486 363 5554; x_wconf 80' lang='lat' dir='ltr'>eri</span> <span class='ocrx_word' id='word_1_472' title='bbox 385 5493 416 5552; x_wconf 86' lang='lat'>3.</span> 
     </span>
    </p>
   </div>
   <div class='ocr_carea' id='block_1_10' title="bbox 170 5681 972 5826">
    <p class='ocr_par' dir='ltr' id='par_1_12' title="bbox 170 5681 972 5826">
     <span class='ocr_line' id='line_1_45' title="bbox 226 5681 972 5753; baseline 0 -17"><span class='ocrx_word' id='word_1_473' title='bbox 226 5681 312 5736; x_wconf 75' lang='lat' dir='ltr'>¹Die</span> <span class='ocrx_word' id='word_1_474' title='bbox 339 5681 556 5753; x_wconf 68' lang='lat' dir='ltr'>deqmurkunde</span> <span class='ocrx_word' id='word_1_475' title='bbox 580 5682 629 5737; x_wconf 83' lang='lat' dir='ltr'>der</span> <span class='ocrx_word' id='word_1_476' title='bbox 654 5682 772 5738; x_wconf 78' lang='lat' dir='ltr'>Pecuar</span> <span class='ocrx_word' id='word_1_477' title='bbox 796 5683 867 5738; x_wconf 67' lang='lat' dir='ltr'>melre</span> <span class='ocrx_word' id='word_1_478' title='bbox 891 5688 972 5737; x_wconf 81' lang='lat' dir='ltr'>auter</span> 
     </span>
     <span class='ocr_line' id='line_1_46' title="bbox 170 5769 452 5826; baseline 0.004 -2"><span class='ocrx_word' id='word_1_479' title='bbox 170 5769 452 5826; x_wconf 72' lang='lat' dir='ltr'>1321Februar21.</span> 
     </span>
    </p>
   </div>
   <div class='ocr_carea' id='block_1_11' title="bbox 0 0 2212 6402">
    <p class='ocr_par' dir='ltr' id='par_1_13' title="bbox 0 0 2212 6402">
     <span class='ocr_line' id='line_1_47' title="bbox 0 0 2212 6402; baseline 0 7"><span class='ocrx_word' id='word_1_480' title='bbox 0 0 2212 6402; x_wconf 95' lang='lat' dir='ltr'> </span> 
     </span>
    </p>
   </div>
  </div>
 </body>
</html>
