4416 6414
373 357 418 424 60
968 391 970 396 .
1069 349 1137 404 1a1e
1155 349 1266 418 sumn
1285 349 1326 404 11.

372 554 405 620 in
423 550 604 635 quindecim
618 549 644 634 ll
657 549 776 616 marcis
793 547 1000 616 denariorum
1016 547 1253 614 coloniensium
1270 547 1438 626 bonorum,
1464 544 1570 611 tribus
1586 545 1786 612 hallensibus
1803 566 1861 628 pro
1879 547 2024 628 quolibet

374 659 559 727 Coloniensi
589 657 722 724 denario
754 656 993 739 computandis,
1018 675 1100 737 quas
1131 655 1259 737 quidem
1283 652 1466 734 quindecim
1489 671 1620 718 marcas
1644 655 1806 733 quondam
1830 655 2022 736 Gerdrudis

374 767 491 834 relicta
513 766 588 832 olim
601 764 774 848 Volgwini,
800 764 881 830 ciuis
898 761 1237 844 Frankenvordensis
1263 779 1406 827 noverca
1421 758 1525 842 ipsius
1540 759 1699 840 Heinrici,
1724 761 1870 842 predicte
1887 763 2023 829 ecclesie

373 875 498 958 legavit
528 873 657 940 nomine
687 871 878 938 testamenti
902 891 960 952 pro
984 889 1051 936 una
1073 889 1186 935 marca
1209 867 1417 934 denariorum
1442 866 1542 932 annui
1565 873 1599 932 et
1623 867 1773 949 perpetui
1797 887 1914 935 census
1938 890 2024 936 com-

375 984 524 1064 paranda
555 987 588 1046 et
618 981 651 1045 in
682 979 785 1061 ipsius
809 977 991 1046 Gerdrudis
1022 975 1247 1044 anniversario
1277 995 1337 1056 pro
1368 973 1543 1055 presentiis
1574 974 1669 1040 annis
1700 973 1840 1058 singulis
1862 985 2023 1058 perpetuo

315 1143 319 1152 .
373 1088 607 1155 ministranda:
634 1088 719 1153 idem
736 1085 922 1166 Heinricus,
939 1084 973 1150 in
990 1090 1106 1150 nostra
1121 1080 1293 1164 presencia
1309 1080 1520 1161 constitutus
1541 1100 1639 1146 unam
1656 1099 1799 1147 marcam
1815 1083 2024 1162 denariorum

374 1195 476 1262 annui
506 1199 539 1260 et
569 1194 719 1276 perpetui
750 1212 867 1259 census
890 1192 923 1257 in
947 1209 1192 1272 recompensam
1215 1189 1361 1272 ipsarum
1385 1186 1567 1269 quindecim
1591 1207 1776 1254 marcarum
1799 1188 1886 1255 iusto
1910 1191 2024 1256 vendi-

374 1302 476 1369 cionis
507 1307 541 1367 et
565 1293 740 1382 empcionis
765 1299 860 1365 titulo
885 1303 924 1365 de
949 1302 1042 1364 domo
1066 1317 1127 1363 sua
1149 1295 1308 1379 lapidea,⁸
1329 1315 1369 1361 ex
1393 1293 1521 1376 oposito
1545 1296 1657 1360 domus
1681 1293 1720 1362 uir
1744 1298 1815 1360 dem
1831 1296 2023 1363 Vroizkelre

374 1411 408 1476 in
432 1407 624 1493 cymitherio
649 1407 837 1489 supradicte
861 1405 996 1473 ecclesie
1020 1406 1095 1487 sita,
1122 1405 1216 1470 annis
1240 1403 1377 1487 singulis
1401 1402 1649 1484 persolvendam
1673 1421 1731 1468 suo
1756 1409 1901 1485 tempore
1925 1404 2024 1486 preli-

374 1519 452 1582 bate
483 1515 621 1582 ecclesie
652 1521 685 1580 et
716 1514 864 1596 personis
887 1513 1031 1579 eiusdem
1055 1510 1249 1595 assignavit,
1275 1509 1413 1576 tradidit
1437 1515 1470 1576 et
1494 1505 1653 1575 donavitb
1676 1509 1778 1575 libere
1801 1517 1836 1575 et
1859 1511 2021 1578 absolute.

374 1623 506 1688 Additis
537 1629 646 1688 tamen
676 1621 739 1687 hiis
770 1619 1015 1687 condicionibus
1044 1616 1278 1699 infrascriptis
1303 1615 1457 1684 videlicet
1488 1618 1573 1696 quod
1604 1615 1632 1680 si
1655 1614 1726 1697 ipse
1750 1616 1925 1683 Heinricus
1949 1639 2024 1700 pre-

375 1730 496 1796 dictam
520 1749 664 1796 maroam
687 1727 788 1795 annui
812 1747 928 1794 census
945 1746 1089 1794 reemere
1105 1725 1256 1805 voluerit,
1282 1724 1384 1790 eidem
1401 1743 1460 1805 pro
1478 1722 1663 1805 quindecim
1679 1723 1799 1789 marcis
1815 1725 2023 1791 denariorum

375 1836 613 1904 Coloniensium
636 1838 795 1902 bonorum
819 1841 852 1901 et
875 1834 1027 1918 legalium
1051 1835 1259 1899 revendetur.
1306 1831 1352 1898 Et
1376 1831 1404 1897 si
1427 1833 1470 1896 ad
1489 1829 1721 1913 reemptionem
1737 1832 1935 1913 pervenerit,
1959 1832 2024 1898 nisi

371 1943 442 2026 ipse
458 1942 634 2009 Heinricus
658 1946 740 2009 adeo
763 1949 891 2008 mature
908 1947 1034 2007 reemat
1050 1939 1171 2006 dictam
1188 1958 1332 2005 marcam
1349 1937 1556 2004 denariorum
1574 1955 1701 2018 census,
1727 1940 1812 2017 quod
1830 1938 1895 2004 alia
1910 1958 2025 2005 marca·

372 2069 490 2118 census
518 2051 589 2116 loco
621 2049 671 2116 sui
701 2050 805 2132 possit
836 2050 1000 2116 commode
1031 2045 1215 2130 comparari
1245 2065 1304 2128 pro
1335 2043 1510 2128 presentiis
1539 2043 1776 2125 ministrandis
1801 2047 1911 2111 eodem
1937 2067 2024 2112 anno

372 2156 571 2223 antedictam
603 2175 747 2222 marcam
778 2159 818 2221 dc
842 2175 902 2221 sua
926 2157 1019 2221 domo
1043 2153 1208 2236 prelibata
1231 2153 1347 2234 solvet,
1371 2158 1409 2217 ut
1433 2151 1533 2233 prius,
1559 2171 1599 2216 ne
1623 2169 1761 2233 persone
1784 2150 1818 2217 in
1842 2154 2024 2233 presenciis

371 2262 619 2330 defraudentur.
667 2263 706 2328 In
737 2261 957 2330 testimonium
989 2261 1221 2344 premissorum
1250 2279 1310 2326 nos
1341 2313 1372 2329 ..
1402 2258 1549 2325 officialis
1580 2261 1622 2324 ad
1652 2264 1804 2340 rogatum
1828 2310 1860 2326 ..
1886 2261 2024 2342 capituli

372 2370 508 2436 ecclesie
538 2368 728 2452 supradicte
752 2375 785 2434 et
808 2367 957 2435 Heinrici
981 2368 1149 2450 prenotati
1172 2367 1232 2433 has
1255 2367 1379 2434 litteras
1403 2386 1501 2449 super
1525 2364 1672 2448 predicto
1696 2365 1828 2448 negotio
1853 2366 2024 2434 confectas

371 2476 472 2560 sigilli
494 2476 600 2543 nostri
622 2475 797 2542 munimine
821 2475 970 2541 duximus
986 2475 1187 2541 muniendas.
1234 2474 1355 2540 Actum
1371 2492 1456 2539 anno
1474 2471 1593 2537 domini
1609 2469 1650 2536 fn.
1669 2467 1733 2538 cic.
1754 2451 1856 2554 xic,
1882 2477 2023 2541 sabbato

372 2589 449 2649 ante
474 2584 557 2648 diem
581 2583 671 2649 beati
694 2581 871 2649 Laurenoii
893 2581 1060 2666 martyris.
1127 2623 1130 2628 ,

587 2741 632 2797 Or.
643 2742 731 2812 Ppmt.
751 2742 813 2796 Dos
822 2741 910 2811 Siepei
918 2741 991 2806 fehlt.
1012 2740 1050 2795 st.
1060 2739 1092 2792 Α.
1103 2740 1151 2793 m.
1160 2740 1259 2794 Barth.
1268 2739 1316 2806 St,
1331 2739 1502 2804 Testanrente
1519 2739 1573 2792 alte
1582 2737 1789 2806 Bezeiclnmnp:
1801 2739 1904 2794 Lntulo
1914 2743 1948 2795 B.
1960 2743 2023 2796 ΙΙΙ.

372 3145 436 3220 57.
463 3151 531 3218 Der
564 3153 695 3234 Officiol
725 3153 779 3217 eles
809 3151 842 3216 F
842 3150 1027 3232 rontfurtcr
1059 3150 1208 3232 Propstes
1239 3149 1438 3228 benrlumdet,
1470 3149 1547 3214 (loss
1577 3149 1627 3213 dte
1650 3147 1869 3231 Fronkfurier
1892 3152 2024 3238 Blirper

460 3261 598 3344 depono
627 3259 827 3324 Kalnihuser
863 3260 928 3323 remi
961 3263 1045 3323 scine
1075 3257 1168 3322 Fran
1198 3257 1397 3341 Kunipnnde
1431 3257 1530 3320 linem
1560 3260 1594 3319 in
1623 3257 1683 3320 den
1713 3255 1952 3324 Daatscnorncr
1981 3285 2023 3326 ru

461 3367 722 3432 Sochsenluousea
738 3367 1017 3450 oufpenommcnen
1029 3367 1130 3430 Selino
1142 3365 1280 3448 Wipancl
1292 3365 1358 3427 carrel
1370 3365 1439 3428 clem
1451 3362 1806 3430 Dentsclmrdcnsdonse
1816 3387 1857 3428 ru
1869 3368 2023 3434 Sceksen-

460 3474 582 3538 hermen
597 3477 674 3538 atoni
689 3472 922 3557 Elpcrt-anen
946 3473 1011 3536 rand
1035 3475 1123 3536 einen
1147 3470 1220 3553 Hof
1241 3474 1275 3534 ia
1297 3470 1442 3549 Halisca,
1468 3471 1560 3534 terro.
1582 3473 1632 3534 ein
1650 3469 1834 3536 Kindsttat
1857 3495 1900 3538 an
1924 3476 2021 3540 itrem

461 3579 623 3646 Nochloss
645 3579 809 3665 pesclenlt
831 3581 941 3645 laben.
990 3584 1077 3643 1316
1100 3578 1229 3662 August
1253 3583 1305 3642 11.

479 3740 519 3803 ln
548 3737 677 3806 nomine
707 3738 843 3819 domini,
876 3758 979 3805 amen.
1036 3737 1190 3804 Officialis
1220 3736 1421 3804 honorabilis
1452 3737 1515 3804 viri
1545 3737 1665 3803 domini
1696 3737 1855 3820 prepositi
1885 3740 2023 3809 ecclesie

372 3844 732 3920 FranckenlurdensiS,
767 3844 1030 3928 recognoscimus
1068 3851 1101 3910 et
1139 3848 1180 3909 ad
1217 3844 1444 3910 universorum
1482 3844 1638 3910 noticiam
1671 3851 1784 3910 tenore
1817 3829 2022 3927 presencium

373 3952 519 4036 cupimus
547 3951 729 4034 pervenire,
754 3955 848 4033 quod,
875 3971 947 4017 cum
971 3950 1106 4016 discreti
1128 3950 1273 4017 homines
1290 3952 1484 4034 Wygandus
1509 3951 1616 4016 dictus
1640 3951 1838 4018 Kalnihuser
1862 3959 1896 4018 et
1912 3955 2022 4022 Kune-

372 4059 500 4143 gundiS,
525 4078 607 4124 uxor
637 4057 706 4124 eius
736 4057 909 4142 legittima,
935 4057 1023 4124 cives
1047 4055 1407 4138 Franckenfurdcnses
1425 4057 1632 4142 Wigandum,
1656 4057 1757 4123 filium
1788 4077 1890 4142 suum,
1919 4060 2023 4127 tradi-

372 4168 492 4232 derunt
523 4164 673 4248 religioni
702 4162 844 4230 fratrum
869 4163 1144 4230 Theutonicorum
1175 4167 1288 4230 domus
1315 4164 1489 4245 hospitalis
1512 4167 1625 4231 domus
1649 4163 1772 4231 ordinis
1795 4167 1892 4232 beate
1916 4168 2022 4234 Marie

372 4271 509 4355 virginis
529 4256 794 4338 Jerosolomitoni
816 4271 850 4336 in
867 4271 1113 4338 Sassenhusen⁰
1139 4271 1235 4336 iuxta
1249 4269 1507 4353 Franckenlurt,
1533 4269 1726 4355 Mogontine
1750 4270 1898 4354 diocesis,
1922 4273 2021 4340 iidem

373 4379 526 4462 coniuges
542 4377 724 4462 Wigandus
753 4384 785 4444 et
799 4377 1015 4460 ·Kunigundis
1039 4377 1073 4443 in
1097 4384 1212 4444 nostra
1235 4385 1269 4443 et
1293 4377 1426 4443 testium
1450 4377 1719 4460 subscriptorum,
1744 4377 1898 4445 videlicet
1920 4380 2023 4447 hono-

372 4485 523 4552 rabilium
539 4484 683 4552 virorum
699 4484 903 4551 dominorum
916 4481 1121 4572 llcinhardiul
1141 4485 1296 4564 cantoris,
1310 4483 1401 4551 Petri
1418 4485 1573 4566 custodis,
1588 4484 1736 4550 Eckardi
1751 4483 1868 4552 vicarii
1884 4486 2021 4554 ecclesie

372 4589 715 4658 Franckenfurdensis
753 4592 915 4674 predicte,
955 4590 1072 4657 fratris
1104 4591 1241 4657 Henrici
1277 4591 1427 4657 monachi
1465 4593 1504 4656 de
1537 4593 1808 4672 Schonenanwe‚⁰
1837 4592 2022 4661 Hermenni

373 4698 564 4779 sacerdotis
596 4699 766 4764 Bertholdi
796 4701 835 4764 de
859 4700 997 4780 BucheS,
1022 4696 1164 4765 fratrum
1195 4702 1308 4764 domus
1338 4697 1372 4763 in
1393 4699 1641 4764 Sassenhusen⁰
1667 4705 1851 4780 prenotate,
1885 4699 2022 4766 Henrici

372 4805 483 4871 clerici
512 4804 655 4871 eiusdem
679 4807 802 4888 domus,
834 4826 873 4871 ac
897 4805 1033 4872 aliorum
1058 4806 1198 4888 plurium
1221 4804 1456 4888 fidedignorum
1481 4805 1652 4888 presencia
1677 4805 1858 4887 constituti,
1882 4824 1923 4872 ne
1947 4827 2021 4889 pre-

372 4911 481 4977 dictus
511 4907 618 4978 frater
633 4912 825 4995 Wigandus
851 4931 961 4978 eorum
991 4912 1086 4993 illiue,
1112 4912 1215 4978 vitam
1246 4915 1380 4978 duceret
1411 4915 1451 4977 de
1482 4911 1677 4978 eleemosina
1707 4910 1824 4994 aliena,
1856 4912 2021 4995 religiosis

371 5017 451 5084 viris
483 5018 737 5090 commendatori
767 5024 800 5084 ct
830 5016 990 5084 fratribus
1021 5022 1134 5085 domus
1163 5019 1197 5084 in
1222 5020 1469 5086 Sassenhusen⁰
1497 5018 1644 5101 predicte
1674 5021 1755 5084 duos
1784 5037 1915 5085 mansos
1943 5040 2020 5102 pro-

371 5123 547 5212 prietarios
578 5131 611 5190 et
641 5143 739 5191 unam
770 5125 893 5192 curiam
923 5125 1186 5208 proprietarium,
1219 5126 1302 5192 sitos
1332 5126 1366 5192 in
1396 5125 1476 5194 villa
1505 5126 1619 5191 Husen
1650 5132 1684 5191 et
1714 5124 1862 5192 terminis
1892 5125 1961 5192 eius
1985 5126 2020 5193 in

370 5231 489 5297 linibus
514 5231 667 5312 parochie
679 5229 941 5299 Wechersheim‘
962 5233 1034 5314 site,
1060 5233 1187 5300 nonrine
1208 5253 1288 5315 pure
1305 5233 1499 5299 eleemosine
1516 5231 1754 5298 communicata
1769 5251 1867 5298 manu
1884 5233 2020 5314 parique

371 5357 548 5417 consensu,
585 5337 691 5404 animo
731 5339 929 5421 deliberato,
964 5339 1065 5406 libere
1101 5347 1134 5405 et
1169 5338 1336 5420 absolute,
1372 5338 1508 5406 solemni
1543 5339 1759 5422 stipulacione
1799 5339 2018 5420 contulerunt,

371 5447 577 5511 donaverunt
605 5445 784 5511 donacione
807 5447 894 5512 inter·
917 5446 1013 5514 vivos
1037 5453 1070 5512 et
1093 5446 1301 5512 tradiderunt
1326 5467 1365 5512 ac
1389 5447 1642 5530 resignaverunt
1664 5445 1698 5511 in
1722 5465 1837 5512 manus
1860 5444 2019 5512 dictorum

371 5551 666 5618 commendatorisg
697 5559 731 5618 et
767 5551 908 5620 fratrum
947 5561 980 5620 et
1013 5572 1068 5620 eos
1100 5553 1134 5618 in
1167 5552 1404 5635 possessionem
1438 5556 1613 5621 eorundem
1645 5571 1832 5620 mansorum
1864 5559 1899 5617 et
1930 5553 2019 5619 curie

636 5783 661 5832 ι)
676 5778 747 5824 Nach
762 5782 872 5835 φάκινον
885 5780 1107 5836 Rotclcaufsclm'st:
1121 5783 1160 5834 „ln
1175 5781 1229 5825 vico
1244 5780 1418 5826 delectorum·⁸
1450 5782 1475 5835 b)
1492 5781 1532 5826 Or.
1547 5781 1681 5834 ,donovttt
1709 5784 1732 5829 o)
1744 5780 1863 5834 uariare:
1876 5779 2020 5832 ‚Summae

582 5849 697 5911 heusen&
726 5851 750 5904 d)
764 5851 882 5905 Vorlape:
896 5852 1080 5906 „Rheinhcrdit
1109 5855 1132 5908 e)
1145 5853 1263 5906 Vol-lace.-
1278 5851 1490 5906 ‚Sclronernuwct
1525 5851 1605 5906 oso!
1636 5857 1661 5906 g)
1674 5852 1792 5906 Vorlaae:
1806 5851 2020 5906 ‚considerarim
