4414 6402
403 299 446 364 94
1125 299 1193 352 rere
1212 297 1279 354 Junr
1297 298 1339 354 m.

404 497 620 578 competebat,
646 497 770 577 absque
801 496 887 562 omni
918 516 1009 578 vara,
1036 496 1227 578 simpliciter
1258 505 1292 563 et
1322 497 1457 578 precise.
1505 497 1740 564 Promittantes
1770 497 1905 581 insuper
1935 497 2053 565 eisdem

402 603 442 667 de
473 603 623 685 predicta
646 603 774 668 decima
796 600 908 668 lacere
931 603 1135 669 warardiam
1158 603 1289 685 iustam,
1315 604 1458 670 debitam
1483 611 1517 670 et
1541 612 1741 672 consuetam.
1788 605 1918 672 Dentes
1941 625 2054 687 supro-

402 709 499 775 dictis
523 709 661 776 dominis
684 709 851 792 preposito
876 714 909 774 et
934 709 1110 776 conventui
1133 711 1193 776 has
1216 709 1347 777 litteras
1371 710 1479 796 sigillo
1502 712 1704 779 honorabihs
1727 711 1792 780 viri
1810 713 1931 778 domini
1946 713 2055 796 Repu-

402 816 506 898 hardi,
539 815 684 882 cantoris
715 815 852 882 ecclesie
876 815 1228 898 Franckeniordensis
1254 820 1337 898 quod
1370 819 1501 901 proprio
1533 839 1597 886 non
1627 820 1759 900 utimur,
1791 819 1964 902 sigillatas.
2012 819 2055 884 Et

402 943 461 988 nos
485 924 716 1006 ReynharduS,
750 930 867 989 cantor
899 921 1059 1006 prelatus
1093 925 1357 1008 recognoscimus
1388 929 1429 991 ad
1462 947 1577 1009 preces
1601 925 1799 1010 Heylmanni
1822 931 1856 992 et
1878 925 2052 1008 Methildis

402 1030 576 1114 coniugum
599 1030 831 1112 predictorum,
858 1031 998 1114 sigillum
1022 1037 1170 1098 nostrum
1189 1019 1397 1113 presentibus
1414 1033 1611 1114 appendisse
1626 1033 1661 1099 in
1678 1032 1897 1100 testimonium
1914 1033 2054 1099 omniurn

402 1136 642 1219 premissorum.
690 1139 810 1204 Actum
834 1143 868 1203 et
891 1140 1004 1204 datum
1028 1159 1114 1204 anno
1139 1139 1260 1205 domini
1284 1140 1324 1204 rh.
1347 1135 1412 1206 cic.
1430 1121 1569 1222 xviii,
1587 1142 1625 1207 V.
1647 1141 1721 1207 idus
1743 1141 1835 1206 iunii.

614 1279 758 1344 Abscbrift
784 1279 830 1332 des
856 1281 897 1332 15.
912 1279 1116 1334 Jatrtmmeru
1140 1281 1178 1334 im
1203 1281 1316 1350 Κορέαν
1342 1281 1387 1335 deo
1410 1283 1537 1336 Klosterc
1555 1283 1715 1353 Neue-uterq
1740 1283 1761 1348 f.
1783 1280 1930 1338 Lxxxb.
1968 1283 2007 1336 St.
2021 1283 2053 1337 A.

668 1369 813 1438 Martum.
852 1369 931 1422 Nuch
949 1369 1135 1434 sreuudlicber
1156 1371 1381 1440 notationum-9
1400 1371 1486 1426 durch
1504 1371 1555 1426 dus
1573 1373 1771 1427 Stactearchiu.

616 1458 717 1512 Getta:
734 1459 779 1526 Β,
798 1463 852 1512 442
869 1459 939 1513 noct
958 1459 1032 1512 ενῗνννν
1050 1459 1190 1524 Abscbrist
1210 1459 1391 1530 Kr'mtliuyere
1408 1478 1460 1515 uus
1478 1461 1625 1516 dmuselben
1643 1462 1763 1532 Κορέαν.

615 1547 730 1618 nepas.-
748 1546 845 1616 saue,
865 1546 906 1613 ι’,
926 1553 986 1602 ror.
1750 1533 1754 1542 ’

402 1851 493 1927 103.
518 1861 712 1926 Sciathum
733 1861 863 1940 Volrud,
888 1862 939 1924 die
961 1861 1106 1943 Scbdffcu
1136 1863 1203 1926 uod
1226 1861 1449 1927 Rotltmuuaen
1477 1885 1518 1926 ru
1534 1863 1720 1944 Framhfurt
1743 1864 1954 1946 beurlruudeu,
1979 1865 2053 1929 dass

518 1969 575 2032 cler
590 1967 716 2032 Bdcber
731 1966 833 2032 Ltdco
856 1989 916 2032 rou
931 1967 1126 2034 Linderboch
1149 1970 1215 2034 trud
1238 1971 1349 2034 (lessam
1364 1969 1398 2033 F
1398 1993 1458 2034 rou
1483 1975 1571 2034 ciuem
1588 1971 1770 2050 jum-lichen
1787 1970 1867 2036 Zius
1883 1993 1943 2036 coo
1959 1972 2054 2036 durau

518 2075 631 2140 Hau-se
657 2079 692 2138 tu
714 2075 770 2139 der
793 2075 1038 2159 Moiuaeryosse
1061 2099 1103 2141 co
1128 2077 1300 2142 Heilmuuu
1325 2076 1547 2159 Polmsterffcr
1569 2077 1635 2141 und
1658 2078 1769 2142 dassen
1792 2077 1827 2140 F
1825 2100 1887 2143 rou
1911 2079 2054 2158 r’erhuuft

519 2183 629 2247 babeo.
677 2187 765 2248 1318
788 2183 871 2248 Jttot'
893 2189 947 2248 22.

507 2325 575 2390 Nos
592 2323 756 2390 Volradus
785 2325 877 2390 miles
903 2377 908 2387 .
933 2378 939 2389 .
965 2325 1135 2408 scultetus
1162 2378 1168 2390 .
1193 2380 1199 2391 .
1224 2326 1351 2392 scabini
1379 2333 1413 2392 et
1438 2381 1443 2392 .
1468 2379 1474 2391 .
1501 2326 1650 2393 consules
1673 2327 2011 2394 Frankenvordenses
2028 2327 2053 2411 ll

401 2431 530 2512 publice
542 2431 829 2515 recongnoscimus
842 2437 876 2497 et
886 2435 929 2497 ad
942 2432 1167 2500 universorum
1181 2432 1336 2498 noticiam
1349 2433 1495 2516 cupimus
1508 2433 1691 2515 pervenire,
1704 2433 1885 2499 Lutzonem
1898 2433 2020 2498 dietum
2027 2433 2052 2514 ll

401 2540 441 2602 de
458 2535 645 2604 Liderbach
668 2537 825 2620 pistorem
850 2545 884 2604 et
901 2539 1089 2620 Ortrunum,
1114 2559 1248 2605 uxorem
1273 2559 1365 2605 suam
1388 2539 1577 2623 legitimam,
1603 2547 1735 2606 nostros
1759 2540 1921 2622 concives
1947 2559 2053 2606 coram

401 2644 494 2710 nobis
512 2645 538 2732 fs
556 2645 754 2712 constitutos
770 2645 898 2727 publice
915 2646 1178 2730 recongnovisse,
1204 2667 1238 2712 se
1255 2645 1442 2713 vendidisse
1458 2647 1543 2714 iusto
1561 2647 1762 2714 vendicionis
1778 2647 1875 2713 titulo
1893 2645 2053 2713 dimidiam

400 2771 545 2817 marcam
569 2752 670 2818 annui
693 2772 811 2818 census
835 2772 933 2835 super
957 2760 1029 2819 tota
1051 2753 1263 2820 habitacione
1287 2774 1356 2836 sua,
1382 2773 1478 2836 quam
1494 2753 1692 2836 inhabitant,
1718 2753 1784 2820 sita
1798 2753 1833 2820 in
1848 2755 1907 2820 der
1922 2754 2054 2819 Menzer

401 2878 526 2942 gamen
556 2879 658 2942 prope
686 2865 815 2940 portam
838 2859 1075 2943 Mogontiacum,
1101 2860 1238 2944 singulis
1263 2861 1357 2928 annis
1380 2861 1414 2926 in
1438 2862 1603 2928 kathedra
1625 2861 1716 2927 beati
1738 2861 1830 2927 Petri
1853 2861 1995 2952 apostoli
2017 2863 2053 2925 de

401 2965 476 3047 ipsa
498 2965 708 3032 habitacione
732 2965 992 3049 persolvendam,
1016 2967 1212 3032 Heilmanno
1236 2967 1323 3033 dicto
1343 2967 1609 3050 Palmistorvere,
1635 2969 1753 3051 Grede,
1778 2967 1954 3034 uxorisne
1978 2967 2054 3050 legi-

402 3071 490 3146 time,
515 3091 690 3154 eorumque
720 3073 906 3154 heredibus,
931 3073 1054 3140 nostris
1085 3073 1283 3154 concivibus,
1310 3077 1351 3140 ad
1375 3075 1559 3140 habendam
1583 3081 1617 3140 et
1642 3081 1801 3163 perpetuo
1825 3074 2054 3157 possidendam

401 3199 460 3262 pro
491 3186 616 3262 septem
646 3178 766 3246 marcis
797 3199 869 3244 curn
900 3180 1034 3246 dimidia
1064 3181 1271 3247 denariorum
1303 3180 1465 3248 usualium
1495 3181 1648 3265 legalium
1679 3188 1713 3249 et
1735 3185 1903 3248 honorum.
1951 3183 2055 3266 Quam

402 3284 531 3367 quidem
561 3285 733 3368 pecuniam
764 3286 846 3352 dicti
875 3287 1063 3354 venditores
1096 3309 1116 3353 a
1146 3287 1289 3370 prefatis
1320 3289 1521 3372 emptoribus
1546 3295 1810 3374 recognoverunt
1833 3309 1868 3354 se
1891 3287 2054 3370 recepisse

402 3399 436 3458 et
465 3391 498 3458 in
529 3411 608 3459 usus
640 3412 716 3458 suos
747 3393 952 3460 necessarios
983 3395 1195 3462 convertisse.
1243 3397 1282 3461 ln
1314 3395 1407 3460 cuius
1438 3395 1487 3461 rei
1517 3394 1739 3462 testimonium
1769 3395 1922 3480 sygillum
1951 3395 2054 3461 maius

401 3506 513 3566 nostre
544 3499 773 3606 universitatis
805 3501 1013 3583 presentibus
1045 3501 1194 3568 duximus
1225 3505 1483 3584 appendendum.
1540 3504 1662 3570 Datum
1693 3523 1779 3570 anno
1810 3501 1930 3568 domini
1956 3554 1989 3569 ..
2014 3521 2051 3567 rn.

401 3626 466 3672 ccc.
485 3605 625 3688 XVIH,
643 3607 685 3672 X.
708 3607 868 3673 kalendas
892 3607 973 3672 iulii.

619 3748 664 3803 Or.
678 3749 766 3818 Ppmt.
819 3750 884 3805 Vom
906 3751 1104 3820 cohdoymdcu
1125 3749 1213 3820 Stoyci
1233 3768 1289 3805 urm
1311 3751 1477 3822 maumam
1498 3752 1625 3806 erbulteu.
1671 3751 1710 3806 st.
1731 3753 1765 3806 A.
1787 3751 1838 3806 Fr.
1877 3749 2052 3817 Hausbrt'ese,

650 3837 797 3893 'Maiores
817 3839 909 3895 Gerre.

401 4127 493 4203 104.
519 4135 712 4203 Scbuttbeiss
737 4085 858 4200 Volrud
887 4136 954 4199 trud
983 4137 1034 4200 die
1063 4134 1283 4218 Froohfurter
1313 4135 1458 4216 Scbdffeu
1489 4135 1700 4215 bertramum,
1731 4135 1809 4200 dass
1843 4137 1973 4214 Ostrea,
2005 4135 2051 4198 dte

514 4245 634 4312 Wutwe
656 4245 711 4308 des
734 4241 894 4328 Metagene
919 4243 1054 4308 Gerlach
1071 4243 1214 4324 Versetur,
1238 4245 1321 4309 noch
1343 4244 1444 4308 drrrcla
1460 4243 1721 4325 Scbbffeuurtbeit
1743 4243 1901 4328 erluupier
1916 4241 2049 4308 Erluub

517 4356 596 4432 nise,
622 4352 682 4418 ulle
712 4351 779 4415 ihre
804 4349 905 4415 Griter
927 4371 969 4415 aa
993 4351 1043 4415 dic
1066 4350 1193 4416 Kanna
1217 4351 1388 4417 Heilmouu
1412 4351 1651 4432 Polmstorffcrs
1673 4349 1740 4415 euml
1763 4351 1880 4415 audere
1901 4349 2051 4415 vmmocbt

518 4460 606 4524 hoba.
654 4464 742 4524 1318
765 4458 848 4523 Jum
870 4463 923 4522 22.

507 4600 740 4667 NosVohadus
751 4599 853 4681 miles,
868 4599 1029 4666 scultetus
1042 4605 1076 4666 et
1090 4653 1095 4665 .
1108 4652 1114 4664 .
1129 4599 1257 4666 scabini
1266 4599 1604 4667 Frankenvordenses
1617 4599 1746 4681 publice
1756 4597 2017 4683 recognoscimus
2025 4597 2049 4683 l!

402 4713 436 4772 et
460 4709 502 4772 ad
526 4707 754 4774 universorum
779 4713 847 4772 tam
871 4705 1077 4789 presencium
1100 4727 1197 4788 qnam
1220 4705 1406 4773 futurorum
1426 4706 1581 4772 noticiam
1598 4705 1745 4788 cupimus
1762 4704 1944 4788 pervenire,
1969 4706 2049 4786 qnod

401 4813 613 4902 constilltuta
642 4833 752 4880 coram
783 4813 876 4880 nobis
907 4813 942 4880 in
971 4813 1092 4880 iudicio
1117 4813 1281 4895 Ortrunis,
1307 4813 1425 4880 relicta
1448 4812 1583 4882 Gerlaci
1612 4811 1693 4878 dicti
1709 4813 1855 4878 Versene
1880 4811 2049 4893 carnificis,

401 4925 528 4988 nostra·
549 4919 704 5003 concivis,
738 4926 854 5002 petens
888 4920 950 4986 sihi
982 4921 1053 4986 lieri
1085 4921 1287 4988 sentenciam
1319 4921 1515 5005 generalem,
1549 4925 1658 4986 utrum
1690 4920 1846 4988 universa
1878 4921 1966 4986 bona
1996 4938 2049 4985 sua

401 5027 533 5094 mobilia
549 5035 582 5093 et
598 5026 784 5109 immobilia,
810 5047 872 5108 que
889 5029 1036 5111 haberet,
1062 5034 1174 5110 posset
1190 5029 1370 5110 cuicunque
1386 5028 1487 5095 vellet
1502 5027 1662 5111 irrogare,
1688 5033 1721 5093 et
1737 5025 1802 5092 luit
1818 5027 2050 5093 sententiatum

401 5155 460 5218 per
490 5154 559 5217 noS,
585 5137 669 5217 quod
700 5135 772 5216 ipsa
796 5135 905 5202 omnia
928 5143 960 5200 et
984 5135 1116 5219 singula
1138 5137 1226 5202 bona
1249 5155 1319 5218 sua,
1345 5155 1407 5216 que
1430 5135 1578 5217 haberet,
1603 5141 1716 5215 posset
1739 5137 1829 5214 dare,
1854 5136 1998 5200 vendere
2022 5139 2051 5198 et

402 5242 558 5322 alienare,
583 5242 773 5322 cuicumque
796 5241 905 5322 vellet,
931 5243 1072 5308 omnium
1096 5241 1632 5308 contradictionenonobstante.
1679 5241 1753 5308 Hac
1777 5244 1816 5308 de
1841 5260 1943 5307 causa
1966 5241 2052 5306 dicta

401 5356 517 5415 nostra
547 5347 690 5416 concivis
722 5348 829 5415 omnia
859 5355 893 5414 et
923 5349 1054 5434 singula
1082 5352 1171 5416 hona
1202 5368 1262 5415 sua
1291 5349 1424 5416 mobilia
1454 5355 1487 5414 et
1510 5347 1690 5430 inmobilia,
1716 5367 1778 5429 que
1800 5347 1927 5430 habuit,
1953 5347 2049 5428 dedit,

401 5455 540 5522 tradidit
571 5461 605 5522 et
635 5455 821 5540 assignavit
851 5475 959 5524 coram
990 5456 1085 5523 nobis
1108 5457 1141 5522 in
1166 5456 1285 5522 iudicio
1309 5456 1373 5522 rite
1398 5463 1431 5522 et
1455 5454 1592 5535 provide
1616 5455 1843 5538 Hanemanno,
1867 5454 2049 5535 Elizabeth,

400 5563 519 5644 Metze,
550 5561 662 5629 liberis
693 5562 881 5629 Heilmanni
912 5562 992 5629 dicti
1021 5563 1323 5644 Palmerstorveris,
1356 5562 1462 5628 nostri
1492 5561 1645 5642 concivis,
1672 5561 1753 5644 Yde,
1786 5562 1892 5629 sorori
1921 5581 1989 5643 sue,
2020 5569 2049 5625 et

402 5669 550 5752 Demudi,
575 5669 639 5736 filie
669 5668 787 5737 fratris
818 5669 868 5736 sui
891 5671 1046 5752 Hunoldi,
1072 5675 1148 5753 post
1171 5669 1295 5736 obitum
1318 5690 1411 5736 suum
1435 5676 1468 5736 et
1492 5689 1556 5736 non
1581 5676 1658 5735 ante
1683 5672 1725 5734 ad
1748 5670 1900 5735 habenda
1924 5676 1958 5735 et
1981 5688 2048 5750 per-

401 5784 499 5860 petuo
524 5776 720 5859 possidenda
745 5796 817 5843 cum
842 5777 927 5844 omni
950 5778 1021 5843 iure
1045 5785 1078 5843 et
1102 5798 1210 5860 onere,
1236 5785 1333 5859 prout
1357 5777 1430 5860 ipsa
1453 5777 1543 5842 dicta
1566 5779 1653 5842 bona
1676 5777 1836 5843 hactenus
1853 5775 2045 5859 possidebat,
