4414 6402
393 319 456 384 166
691 341 693 346 r
1102 312 1172 368 1323
1190 311 1266 366 Ultra
1286 311 1328 366 18.

390 517 440 584 ita
462 518 547 596 quod
570 513 714 580 scolares
739 511 930 592 scolaribus,
956 510 1035 577 socii
1058 509 1167 592 sociis,
1192 509 1342 576 canonici
1364 507 1543 590 canonicis
1568 509 1689 590 prelati
1712 511 1849 592 prelatis
1872 512 2039 594 utriusque

391 622 602 689 ecclesiarum
625 617 832 686 uniformiter
854 617 1064 698 misceantur,
1090 622 1245 683 tenentur
1268 617 1310 681 ad
1327 621 1420 681 certa
1434 615 1508 682 loca
1523 614 1687 698 proficisci
1702 622 1735 682 et
1750 617 1784 683 in
1801 616 1897 684 iestis
1913 619 2041 684 dedica-

391 729 494 797 cionis
525 726 661 794 ecclesie
692 730 807 792 sancte
830 725 935 791 Marie
966 743 1006 790 ac
1036 722 1273 806 assumpcionis
1302 724 1400 788 beate
1430 721 1545 804 Maria,
1578 740 1617 786 ac
1647 723 1801 804 quociens
1832 725 1973 805 aliquem
2003 745 2042 792 ex

391 833 559 904 canonicis
589 853 648 900 seu
677 831 811 900 vicariis
841 830 978 897 ecclesie
1007 833 1105 897 beate
1128 815 1234 897 Maris
1257 829 1404 912 predicte
1428 831 1609 895 decedere·
1633 830 1820 914 contigerit,
1849 831 1974 913 prelati
1995 835 2042 899 rei

391 947 434 1010 ad
465 940 637 1009 ecclesiam
666 942 763 1007 beate
786 938 892 1005 llarie
922 934 1211 1020 processionaliter
1238 935 1296 1016 irc,
1329 935 1418 1002 dicta
1441 934 1529 1002 leste
1552 943 1586 1001 et
1610 933 1862 1005 defunctorumb
1888 941 2042 1022 exequias

392 1047 569 1133 peracturi,
587 1053 773 1127 teneantur,
790 1044 855 1128 ipsi
871 1051 980 1112 tamen
996 1044 1045 1110 rei
1057 1043 1191 1126 propria
1202 1042 1390 1109 temeritate
1402 1042 1587 1109 huiusmodi
1599 1044 1755 1125 obsequia
1767 1045 1863 1112 dictis
1876 1049 2043 1115 actoribus

391 1158 425 1224 et'
440 1175 552 1223 eorum
568 1154 703 1222 ecclesie
719 1152 820 1219 firmis
836 1151 1105 1235 promissionibus
1121 1157 1155 1216 et
1172 1149 1382 1234 paccionibus
1399 1149 1580 1216 constituta
1597 1152 1783 1218 subducunt
1799 1161 1833 1218 et
1845 1153 2044 1236 aliquamdiu

391 1266 627 1344 subduxerunt,
652 1260 890 1343 possessionem
913 1278 971 1326 seu
987 1258 1082 1340 quasi
1098 1257 1280 1340 predictam
1296 1264 1413 1323 contra
1427 1256 1594 1323 iusticiam
1609 1257 1781 1324 violantes.
1822 1261 1855 1345 2)
1871 1261 1955 1328 Item
1973 1282 2042 1328 cum

390 1370 488 1438 iidem
516 1376 647 1436 actores
675 1375 708 1435 et
732 1386 843 1434 eorum
866 1365 1006 1433 ecclesia
1029 1365 1095 1431 sint
1119 1370 1151 1430 et
1176 1385 1197 1430 a
1220 1370 1365 1445 tempore
1390 1383 1447 1430 suo
1471 1361 1679 1430 fundationis
1703 1363 1827 1432 fuerint
1849 1367 1883 1432 in
1907 1369 2044 1450 pacifica

392 1477 598 1562 possessione
622 1494 678 1542 seu
703 1471 798 1557 quasi
820 1472 1034 1540 benedicendi
1049 1490 1160 1538 cereos
1176 1471 1209 1537 in
1226 1471 1466 1552 purificacione,
1491 1490 1600 1537 ramos
1616 1471 1797 1554 palmarum
1813 1491 1871 1540 suo
1888 1481 2042 1558 tempore,

391 1587 512 1652 herbas
542 1583 575 1649 in
606 1582 832 1664 assumpcione
862 1583 959 1646 beate
983 1579 1098 1660 Marie,
1131 1576 1226 1645 iestis
1257 1597 1372 1645 cruces
1403 1584 1436 1644 et
1466 1577 1622 1658 reliquias
1654 1577 1840 1646 sanctorum
1865 1579 2042 1666 deferendi,

392 1691 618 1775 processiones
641 1689 675 1755 in
699 1687 901 1756 stacionibus
925 1685 1078 1768 faciendi,
1104 1692 1138 1752 et
1161 1685 1298 1752 aliorum
1321 1685 1439 1751 iurium
1463 1685 1583 1752 ceteris
1606 1686 1755 1753 ecclesiis
1775 1691 2044 1757 conventualibus

391 1799 426 1865 in
442 1797 579 1865 civitate
592 1803 626 1864 et
638 1796 771 1881 dyocesi
782 1793 976 1878 Moguntina
993 1792 1261 1876 competencium,
1276 1792 1356 1858 dicti
1367 1799 1478 1858 tamen
1490 1792 1539 1859 rei
1550 1812 1606 1858 eos
1618 1792 1826 1861 nihilominus
1839 1798 2043 1878 possessione

392 1906 590 1988 perturbant
605 1910 638 1969 et
653 1901 810 1969 iniuriose
825 1901 1021 1982 inquietant,
1044 1919 1146 1981 quare
1162 1899 1233 1983 agit
1250 1905 1283 1965 et
1299 1899 1383 1982 petit
1398 1899 1483 1965 idem
1500 1907 1696 1982 procurator
1711 1901 1916 1984 nomineque
1933 1923 2041 1986 supra,

394 2017 557 2094 quatenus
580 2029 650 2092 vos,
675 2008 803 2075 domine
819 2007 926 2089 iudex,
949 2025 1019 2073 cunr
1035 2006 1130 2073 vobis
1146 2009 1186 2072 de
1202 2005 1370 2088 premissis
1387 2005 1574 2072 constiterit
1589 2013 1648 2072 aut
1664 2027 1704 2073 ex
1720 2007 1776 2090 eis,
1795 2028 1856 2090 que
1872 2009 2043 2092 sufficiant,

393 2117 558 2202 predictos
574 2121 704 2183 actores
721 2122 882 2182 eteorum
898 2112 1071 2180 ecclesiam
1087 2116 1129 2180 ad
1145 2113 1384 2195 possessionem
1400 2113 1454 2179 vel
1470 2112 1565 2194 quasi
1580 2113 1806 2194 obsequiorum
1826 2117 2044 2197 predictorum

392 2215 617 2305 restituentes,
632 2221 738 2288 dictos
750 2241 825 2288 reos
838 2224 880 2287 ad
892 2223 1104 2303 prestandum
1119 2222 1231 2287 eadem
1245 2220 1402 2301 obsequia
1415 2226 1449 2286 et
1461 2222 1503 2286 ad
1517 2219 1739 2286 desistendum
1752 2222 1793 2286 ab
1805 2220 2044 2304 inquietacione

393 2339 428 2398 et
456 2329 709 2414 perturbacione
739 2328 883 2411 ipsorum
915 2334 1062 2394 actorum
1093 2333 1127 2393 et
1157 2327 1293 2393 ecclesie
1324 2346 1381 2393 sue
1411 2327 1445 2393 in
1478 2326 1685 2408 possessione
1716 2347 1773 2395 seu
1803 2329 1899 2410 quasi
1928 2330 2044 2398 iurium

393 2438 613 2522 predictorum
643 2435 888 2502 sententialiter
917 2434 1162 2517 condempnatis
1193 2442 1227 2500 et
1257 2434 1461 2518 compellatis
1492 2453 1633 2500 censura
1664 2437 1876 2519 competenti,
1910 2437 2043 2505 officium

392 2552 549 2624 vestrum,
575 2542 603 2609 si
626 2548 659 2608 et
683 2549 780 2624 prout
804 2545 843 2608 de
865 2541 937 2608 iure
961 2540 1062 2608 luerit
1085 2539 1280 2619 faciendum,
1306 2540 1510 2624 implorando.
1550 2541 1622 2607 Hec
1638 2541 1718 2608 dicit
1738 2549 1771 2608 et
1792 2542 1876 2624 petit
1892 2564 2045 2626 procura-

394 2660 447 2719 tor
470 2650 638 2733 predictus
660 2649 789 2716 nomine
813 2668 875 2730 quo
901 2668 1011 2731 supra,
1041 2648 1133 2716 salvo
1158 2647 1221 2714 sibi
1247 2647 1318 2714 iure
1343 2647 1493 2730 addendi,
1508 2645 1696 2731 minuendi,
1726 2651 1884 2732 mutandi,
1915 2671 2045 2720 concor-

393 2758 494 2826 dandi
509 2764 570 2824 etc.
590 2805 596 2820 .
614 2757 824 2823 Protestatur
841 2755 952 2837 eciam,
978 2758 1063 2836 quod
1079 2775 1144 2822 non
1161 2753 1316 2838 astringit
1333 2761 1395 2823 etc.
1431 2754 1507 2821 Lite
1522 2754 1625 2838 igitur
1641 2773 1750 2822 coram
1767 2756 1854 2823 dicto
1871 2759 1998 2826 domino
2016 2813 2042 2828 ..

394 2864 568 2933 scolastico
585 2882 683 2945 super
699 2862 817 2929 libellis
833 2862 1018 2930 huiusm0di
1033 2881 1091 2944 per
1109 2915 1114 2927 .
1134 2917 1140 2926 .
1157 2868 1389 2944 procuratores
1406 2862 1553 2944 parcium
1565 2861 1709 2945 legitime
1723 2869 1920 2946 contestata,
1938 2865 2044 2934 iurato

394 2976 434 3039 de
450 2971 636 3054 calumpnia
654 2970 760 3052 posito
777 2977 811 3035 et
827 2988 984 3052 responso
1001 2989 1021 3035 a
1037 2968 1306 3052 procuratoribus
1321 2969 1484 3034 dictarum
1500 2967 1646 3050 parcium
1661 2969 1737 3035 hinc
1753 2975 1787 3035 et
1803 2970 1889 3052 inde,
1903 2973 2042 3054 receptis

394 3078 497 3146 eciam
526 3077 668 3144 testibus
697 3077 826 3158 iuratis,
859 3096 939 3158 quos
969 3076 1056 3143 dicte
1087 3083 1200 3158 partes
1228 3096 1286 3159 pro
1311 3075 1378 3142 suis
1402 3075 1643 3141 intencionibus
1666 3073 1844 3142 fundandis
1868 3082 2044 3159 producere

394 3187 568 3254 voluerunt
587 3190 621 3249 et
640 3184 744 3250 eciam
762 3186 997 3265 produxerunt,
1023 3183 1120 3249 dictis
1136 3203 1247 3250 eorum
1262 3183 1297 3250 in
1315 3181 1448 3264 scriptis
1464 3182 1610 3249 redactis
1626 3188 1660 3248 ot
1676 3186 1880 3264 postmodum
1898 3186 2045 3268 sollemp-

394 3293 480 3360 niter
503 3290 689 3375 publicatis
715 3291 892 3374 propositis
917 3290 1019 3357 eciam
1043 3310 1083 3356 ex
1107 3298 1203 3372 parte
1229 3345 1260 3359 ..
1286 3291 1403 3357 decani
1427 3297 1461 3355 et
1484 3289 1620 3370 capituli
1644 3290 1780 3356 ecclesie
1804 3299 1919 3357 sancte
1943 3293 2043 3359 Marie

395 3407 428 3466 et
443 3399 534 3466 beati
550 3397 685 3482 Georgii
700 3397 893 3479 quibusdam
905 3396 938 3462 in
953 3415 1110 3478 personas
1124 3405 1157 3462 et
1169 3397 1260 3462 diota
1272 3396 1405 3462 testium
1419 3415 1477 3476 per
1490 3398 1803 3484 partem‘adversanr
1816 3397 2044 3479 productorum

395 3515 428 3574 et
451 3507 565 3590 vigore
590 3507 767 3571 earundem
791 3504 1022 3586 excepcionum
1043 3523 1102 3586 per
1119 3503 1400 3570 interlocutoriam
1417 3502 1560 3568 eiusdem
1577 3501 1699 3568 domini
1718 3555 1723 3566 .
1740 3555 1745 3567 .
1764 3504 1932 3570 scolastici
1946 3527 2043 3588 nsque
2117 3513 2120 3523 ‘

374 3597 428 3681 ‘in
461 3619 589 3695 tempus
622 3609 791 3677 diffinitive
825 3611 988 3676 sententie
1021 3617 1205 3691 reservato,
1240 3610 1410 3692 proposita
1443 3608 1541 3674 etiarn
1575 3627 1684 3674 coram
1717 3613 1829 3675 eodem
1861 3613 2042 3681 domino..

395 3718 569 3788 scolastico
594 3737 634 3784 ex
658 3724 754 3799 parte
770 3716 907 3783 ecclesie
924 3723 1038 3783 sancte
1054 3716 1159 3782 Mario
1176 3723 1208 3783 et
1228 3717 1318 3783 beati
1335 3715 1471 3800 Georgii
1486 3716 1634 3797 predicte
1650 3718 1790 3797 quadarn
1807 3718 2044 3801 supplicacione

395 3826 519 3894 tenoris
544 3831 577 3891 et
600 3824 804 3891 continencia
827 3823 862 3889 in
882 3825 942 3889 hec
959 3827 1076 3892 verba:
1103 3825 1181 3890 Curn
1197 3827 1397 3891 reverendus
1413 3824 1446 3890 in
1464 3823 1594 3890 Christo
1611 3830 1707 3906 pater
1723 3832 1756 3889 et
1772 3825 1919 3890 dominus
1936 3834 2045 3892 noster

395 3933 544 4000 dominus
567 3930 724 4013 diutinas,
756 3930 809 3996 dei
839 3936 874 3996 et
903 3930 1082 4012 apostolice
1113 3931 1200 3996 sedis
1231 3929 1343 4014 macie
1373 3930 1497 3996 electus
1525 3929 1748 4014 Mogontiacus,
1782 3931 1935 4013 vestigiis
1965 3936 2045 3999 bone

395 4039 548 4107 memorie
565 4037 685 4104 domini
702 4037 803 4119 Petri,
822 4039 983 4119 quondam
1000 4037 1247 4120 archiepiscopi,
1261 4038 1449 4119 inherendo,
1464 4037 1708 4103 institucionem
1725 4036 1854 4121 collegii
1864 4038 1897 4103 in
1911 4040 2045 4106 ecclesia

395 4153 510 4214 sancte
539 4144 645 4212 Maria
677 4149 711 4210 et
740 4143 832 4210 beati
862 4142 999 4226 Georgii
1028 4143 1359 4211 Frankenvordensis
1390 4144 1534 4210 ordinati
1558 4198 1563 4210 .
1583 4195 1590 4207 .
1610 4201 1616 4212 .
1635 4151 1664 4210 ,ὓ
1692 4143 1828 4211 ecclesie
1858 4151 1892 4209 et
1922 4147 2047 4230 collegii

396 4251 569 4337 privilegia
598 4251 763 4318 libertatis
795 4258 828 4316 et
858 4249 1071 4316 inmunitates
1102 4257 1136 4316 et
1166 4250 1355 4332 specialiter
1384 4249 1612 4316 ordinationes
1635 4251 1722 4316 inter·
1745 4251 1889 4317 eiusdem
1913 4253 2046 4319 ecclesie

395 4362 493 4426 beate
515 4358 621 4425 Marie
651 4365 685 4424 ot
713 4356 806 4423 beati
828 4356 1053 4422 Bartholomei
1076 4356 1287 4422 ecclesiarum
1304 4358 1658 4439 Frankent'ordensium
1681 4361 1823 4424 decanos
1846 4365 1881 4424 et
1904 4359 2047 4442 capitula

395 4466 506 4548 initas,
531 4464 640 4532 lactas
664 4470 698 4530 et
727 4463 908 4546 ordinatas,
940 4463 1146 4545 conscriptas
1171 4469 1204 4529 et
1228 4463 1401 4548 sigillatas
1432 4467 1608 4529 secundum
1633 4484 1756 4530 omnem
1781 4465 1832 4530 sui
1855 4463 1992 4532 formam
2015 4473 2046 4532 et

396 4581 542 4638 tenorem
566 4572 765 4638 auctoritate
790 4569 958 4637 ordinaria
974 4590 1014 4636 ex
1031 4576 1123 4636 certa
1139 4569 1278 4636 scientia
1294 4571 1538 4637 confirmaverit
1554 4589 1674 4653 easque
1691 4578 1783 4638 ratas
1800 4578 1835 4638 et
1849 4573 1960 4639 finnus
1976 4592 2045 4640 esse

397 4677 537 4746 voluerit
561 4685 594 4744 et
616 4677 798 4744 inhibuerit
822 4697 878 4744 eas
901 4676 1038 4761 infringi
1061 4679 1122 4744 sub
1145 4677 1415 4750 interminacione
1439 4677 1492 4743 dei
1515 4678 1747 4760 omnipotentis
1772 4685 1804 4746 et
1828 4681 1925 4746 beate
1944 4681 2045 4746 ilaris

396 4785 512 4852 matris
544 4785 624 4867 eius,
655 4787 827 4851 beatorum
850 4785 941 4850 Petri
971 4792 1005 4850 et
1028 4784 1122 4850 Pauli
1152 4784 1374 4866 apostolorum
1387 4804 1437 4850 -ac
1460 4785 1551 4850 beati
1575 4785 1720 4867 Martini,
1754 4786 1888 4868 patroni
1912 4787 2045 4854 ecclesie

397 4892 587 4977 Moguntine
610 4891 777 4974 ipsiusque
801 4891 922 4957 domini
945 4891 1050 4972 electi,
1075 4897 1109 4957 et
1125 4891 1172 4956 sic
1188 4910 1247 4973 per
1264 4910 1465 4972 consequens
1481 4891 1531 4974 lis,
1557 4911 1619 4973 que
1636 4912 1744 4959 coram
1760 4893 1855 4960 vobis
1874 4894 2001 4960 domino
2019 4947 2044 4960 ..

397 4999 570 5067 scolastico
594 4999 731 5066 ecclesie
755 5005 871 5066 sancte
894 4998 999 5064 Mario
1023 5001 1065 5064 ad
1085 4999 1217 5066 Gradus
1234 4997 1431 5082 illoguntinc,
1462 4998 1569 5064 iudice
1593 5019 1613 5064 a
1638 4998 1774 5066 dominis
1799 5051 1831 5065 ..
1858 5007 1993 5067 cantore
2015 5011 2046 5066 et

398 5107 543 5188 capitulo
568 5105 705 5174 ecclesie
729 5105 927 5190 Moguntine,
960 5107 1037 5171 sede
1061 5109 1094 5170 et
1118 5108 1281 5170 decanatu
1304 5105 1510 5188 vacantibus
1542 5125 1640 5188 super
1664 5106 1762 5172 dictis
1786 5106 2046 5174 ordinacionibus

396 5214 485 5280 inter
507 5219 704 5279 memoratas
728 5212 884 5280 ecclesias
908 5220 942 5279 et
965 5211 1102 5295 collegia
1125 5213 1328 5294 vertebatur,
1361 5213 1405 5278 sit
1429 5213 1548 5295 sopita,
1573 5212 1720 5295 supplico
1745 5213 1838 5280 vobis
1862 5213 1990 5280 domino
2015 5265 2043 5278 ..

397 5319 571 5387 scolastico
595 5333 655 5404 ego
680 5321 852 5386 cunradus
877 5320 983 5386 dictus
1006 5319 1168 5401 Kaltysen
1192 5325 1388 5400 procurator
1404 5326 1438 5386 et
1461 5319 1688 5402 procuratorio
1705 5319 1833 5411 nomine¹
1849 5321 2045 5387 dominorum

398 5445 603 5518 meorum..
633 5426 750 5492 decani
780 5433 813 5492 et
844 5425 980 5509 capituli
1010 5424 1146 5492 ecclesie
1178 5432 1292 5492 sancte
1316 5426 1421 5493 Marie
1451 5433 1485 5493 et
1514 5426 1604 5493 beati
1636 5426 1747 5494 Georii
1778 5427 1980 5509 supradicte,
2012 5435 2045 5492 ut

398 5533 581 5618 cognitioni
604 5551 778 5600 causarum
802 5531 1031 5599 convencionis
1054 5538 1089 5598 et
1111 5532 1379 5600 reconvencionis
1401 5533 1489 5600 inter
1513 5534 1619 5600 dictas
1643 5533 1800 5599 ecclesias
1824 5553 1933 5600 coram
1956 5533 2045 5601 vobis

665 5747 689 5796 a)
706 5743 808 5796 Vorlcpe
829 5743 971 5795 „decidere“.
1008 5744 1032 5784 br
1048 5742 1151 5795 Vorlopo
1172 5741 1357 5793 „desuetorum-1
1393 5748 1415 5796 c)
1430 5745 1482 5787 Iler
1496 5744 1571 5787 ,Raad
1592 5744 1633 5786 des
1654 5743 1744 5796 Ppnrta.
1768 5745 1799 5784 isi
1821 5743 2046 5796 capelades-errand

611 5815 671 5858 zuei
684 5814 764 5858 Worre
779 5813 971 5858 ceracbrcundeu.
