4426 6404
894 383 1111 442 racanato.
1762 385 1827 452 bns
1863 381 1866 387 '

390 579 534 651 cancer.
557 579 1828 652 Dmreudiegdfrblt,dor8tiftreiegdndcaumnddneimigehbiedrieh(drm

439 670 514 740 relig
530 670 706 741 genboberter
726 667 908 740 Querbnllrm)
926 670 1035 742 turpia
1052 687 1098 726 nn.
1135 670 1174 725 St.
1186 673 1219 724 A.
1231 671 1282 726 Fr.
1319 670 1419 726 Barth.
1432 670 1472 726 St.
1492 671 1545 726 No.
1558 672 1637 727 4807.

389 759 487 814 Greia:
510 757 689 824 errdtwet'n,
708 757 802 814 Diona
816 759 901 828 Meg,
919 759 965 828 11,
984 763 1026 816 53.

387 847 501 918 Repeti.-
517 845 615 917 Seuer,
633 846 678 914 13,
697 851 758 914 201,
778 847 831 902 No.
843 850 922 904 2209.

174 1241 263 1316 707.
290 1247 469 1330 Friedrich,
501 1249 680 1315 Scholaeter
710 1272 753 1316 aa
782 1250 1124 1331 &Bartholomaeus
1153 1252 1220 1316 unci
1250 1249 1414 1316 Rerimnrm
1439 1251 1542 1318 Weiss
1571 1272 1631 1318 oon
1660 1251 1826 1338 Limburp,

288 1357 414 1439 Scbdffe
435 1378 477 1422 aa
499 1355 694 1439 Fructificet,
719 1359 869 1440 eprechea
891 1359 952 1423 dea
973 1358 1128 1423 awischcn
1150 1359 1219 1424 clem
1242 1359 1288 1426 St.
1308 1357 1647 1442 Bartholornueussiift
1668 1361 1735 1425 trad
1757 1361 1828 1426 den

289 1463 393 1529 Ritier
415 1461 584 1529 Friedrich
612 1463 693 1550 Vopt
716 1486 776 1530 vore
805 1464 897 1532 Urscl
926 1467 1088 1550 sireitiperr
1111 1464 1248 1531 Zeinten
1277 1487 1336 1531 oon
1362 1471 1540 1551 perenniora
1566 1463 1763 1532 wedereiba
1792 1471 1827 1532 ire

292 1571 530 1650 Weiseirirchert,
567 1572 661 1640 Ohcr·
684 1571 751 1636 aad
791 1571 1159 1638 Unice-Banorercheim
1190 1573 1257 1638 tund
1282 1573 1477 1639 Mittclureel
1508 1573 1576 1638 sieut
1608 1579 1744 1640 accen
1774 1597 1825 1641 au.

291 1683 378 1744 1340
400 1678 484 1744 Jrrai
507 1684 560 1744 19.

278 1819 479 1902 Fridericus,
504 1819 702 1886 scolasticus
726 1819 863 1888 ecclesie
887 1821 996 1887 sancti
1018 1822 1244 1904 Bartholomei,
1276 1828 1310 1888 et
1326 1821 1531 1890 Rulmannus
1547 1821 1655 1889 dictus
1671 1822 1762 1890 Wize
1786 1827 1825 1890 de

170 1926 366 2011 Limppurg,
392 1925 547 1996 scabinus
570 1924 907 2010 Frankeniordensis,
931 1929 959 2014 ΙΙ
984 1927 1113 2010 arbitri,
1135 1922 1358 1996 arbitratores
1381 1947 1439 1996 seu
1462 1927 1652 1996 amicabiles
1668 1931 1827 2014 composi-

170 2040 270 2112 tores,
305 2052 371 2100 una
394 2053 468 2100 cum
490 2031 675 2100 honorabili
697 2033 770 2102 viro
800 2035 962 2119 magistro
985 2035 1197 2118 Reynhardo,
1230 2039 1355 2102 decano
1385 2035 1528 2104 eiusdem
1559 2036 1705 2118 ecclesie,
1723 2039 1750 2122 ll
1767 2058 1826 2121 pro

169 2140 280 2206 media
302 2159 445 2223 persona
474 2139 561 2206 inter
584 2139 796 2207 honorabiles
819 2141 921 2220 viros,
946 2141 1093 2208 dominos
1118 2170 1150 2209 ;.
1176 2142 1388 2226 prepositum,
1414 2195 1446 2209 ..
1472 2145 1630 2210 decanum
1654 2149 1688 2210 et
1713 2194 1746 2210 ..
1771 2164 1827 2211 ca-

170 2247 309 2331 pitulum
333 2247 500 2314 antediete
524 2245 660 2318 ecclesie
677 2247 787 2314 sancti
803 2247 1026 2315 Bartholomei
1042 2247 1365 2316 Frankeniordensis
1382 2249 1410 2333 ll
1426 2269 1466 2316 ex
1482 2268 1558 2328 una,
1584 2254 1618 2316 et
1634 2255 1825 2317 strennuum

169 2354 276 2422 virum
300 2353 506 2421 Fridericum
535 2352 682 2434 militem,
717 2356 915 2421 advocatum
945 2353 980 2421 in
1004 2355 1131 2430 Ursele,
1165 2361 1261 2438 parte
1292 2375 1332 2422 ex
1363 2354 1479 2438 altera,
1511 2354 1608 2422 electi
1637 2355 1763 2438 pariter
1792 2363 1826 2424 et

170 2461 343 2544 assumpti.
390 2461 511 2527 Notum
535 2460 779 2528 essevolumus
803 2467 975 2544 presentes
997 2461 1122 2529 litteras
1145 2461 1355 2545 inspecturis,
1387 2465 1472 2544 quod
1495 2461 1529 2529 in
1554 2480 1655 2530 causa
1678 2483 1826 2547 compro·

169 2567 271 2649 missi,
297 2586 358 2650 que
375 2567 519 2635 vertitur
542 2566 630 2633 inter
653 2566 977 2649 antedictaseparter
1001 2587 1100 2652 super
1117 2568 1252 2635 decimis
1268 2569 1471 2650 quorundam
1488 2588 1642 2654 agrorum
1665 2569 1701 2636 in
1725 2571 1826 2638 certis

169 2681 204 2741 et
228 2673 394 2756 expressis
416 2673 498 2740 loeis
522 2672 675 2740 sitorum:
701 2671 854 2740 videlicet
884 2675 952 2741 tria
973 2674 1098 2759 iugera,
1132 2694 1193 2757 que
1224 2677 1389 2758 quondam
1412 2671 1547 2742 inerunt
1570 2675 1652 2743 dicti
1674 2674 1756 2759 Hir,
1791 2677 1825 2744 in

170 2781 296 2864 campis
320 2787 353 2847 et
376 2780 526 2847 terminis
546 2779 623 2847 ville
640 2779 911 2864 Wizenkirchen;
928 2789 1050 2848 *unum
1068 2781 1163 2867 iuger
1179 2801 1250 2848 cum
1267 2781 1408 2866 dimidio,
1434 2801 1496 2863 qne
1512 2785 1674 2865 quondam
1690 2781 1826 2850 inerunt

169 2888 355 2954 Hermanni
370 2887 452 2954 dicti
475 2887 661 2969 Schelmen3
687 2907 745 2954 sex
768 2887 885 2972 iugera
908 2907 980 2955 cum
1003 2888 1145 2971 dimidio,
1171 2907 1233 2971 que
1257 2896 1334 2955 suut
1359 2941 1391 2955 ..
1417 2889 1550 2972 plebani
1572 2889 1606 2956 in
1634 2891 1766 2972 Steden,
1791 2897 1825 2959 et

169 2995 237 3061 sita
261 3000 340 3060 sunt
362 2993 398 3060 in
421 2993 572 3060 terminis
588 2991 666 3062 ville
683 2994 905 3061 Bomersbeim
929 2995 1126 3080 superioris3
1152 2995 1218 3062 tria
1241 2995 1358 3080 iugera
1381 2995 1448 3063 sita
1464 3003 1542 3063 suut
1557 3017 1600 3062 an
1614 2999 1686 3064 dem
1703 2996 1825 3065 Bhbin·

169 3102 297 3179 stncke,
315 3118 376 3181 que
392 3099 560 3182 pertinent
582 3101 624 3166 ad
640 3099 798 3167 decimam
815 3101 891 3168 ville
907 3101 1130 3168 Bomersbeim
1147 3101 1342 3185 superioris3
1367 3101 1525 3169 tredecim
1548 3101 1664 3186 iugera
1680 3103 1825 3171 cunradi

168 3207 282 3274 militis
315 3209 354 3273 de
386 3205 610 3274 Bomersbeim
642 3207 676 3273 in
709 3206 858 3274 terminis
888 3207 965 3274 ville
995 3207 1277 3291 Mitteln-Ursele3
1314 3211 1378 3275 duo
1407 3208 1533 3293 iugera,
1565 3227 1626 3291 que
1657 3213 1821 3292 qnondam

168 3313 305 3382 luerunt
315 3313 533 3396 Wetzelonis;
559 3313 724 3380 dimidium
740 3313 843 3399 inger,
862 3317 948 3397 quod
964 3320 1016 3382 est
1031 3315 1265 3400 Irmengardis,
1283 3315 1406 3382 sororis
1423 3315 1556 3384 Gerlaoi
1567 3314 1819 3398 wollinlrauiar;

168 3423 231 3488 duo
255 3421 380 3505 iugera,
407 3440 469 3503 que
493 3425 655 3503 quondam
678 3421 814 3488 luerunt
837 3420 989 3505 magistri
1011 3420 1149 3506 Nyoolai
1171 3421 1252 3488 dicti
1274 3421 1378 3504 Rose3
1410 3421 1478 3488 tria
1499 3421 1624 3506 iugera,
1656 3443 1719 3504 que
1743 3431 1822 3491 suut

167 3526 361 3610 Humberti3
396 3546 496 3594 unum
525 3528 620 3612 inger
649 3527 790 3612 Nyeolai
819 3527 899 3595 dicti
926 3526 1210 3610 Redelnheimers;
1248 3527 1389 3610 quinque
1419 3528 1544 3612 iugera,
1576 3548 1637 3610 que
1661 3533 1823 3612 quondam

168 3634 305 3702 inerunt
319 3633 469 3701 Heinrici
484 3633 565 3701 dicti
581 3635 674 3701 Rode
691 3637 730 3700 de
746 3633 955 3716 Kaldebach3
980 3633 1046 3701 tria
1061 3632 1201 3718 iugeral
1216 3634 1399 3701 Hermanni
1415 3638 1455 3701 de
1466 3635 1673 3718 Kaldebach3
1698 3643 1824 3720 septem

167 3741 284 3826 iugera
307 3740 476 3825 Hartungi
499 3741 634 3824 pistoris
658 3743 698 3808 de
722 3738 966 3823 Frankiniord3
998 3748 1141 3824 quatuor
1165 3741 1326 3824 particule
1351 3747 1440 3808 terre
1464 3741 1611 3825 arabilis,
1636 3763 1698 3825 que
1722 3762 1823 3825 quon·

168 3851 242 3915 dam
266 3846 403 3916 inerunt
426 3847 505 3914 dicti
528 3849 666 3931 Kayser,
686 3883 726 3896 -·
742 3853 857 3930 testes,
882 3866 963 3929 qnos
983 3847 1070 3914 dicte
1094 3855 1208 3931 partes
1231 3847 1383 3916 hincinde
1408 3867 1467 3932 pro
1491 3848 1560 3916 suis
1582 3849 1823 3918 intencionibns

167 3954 345 4022 inndandis
379 3957 621 4037 produxerunt,
657 3954 786 4022 inratos
820 3954 1003 4036 recepimus
1040 3953 1278 4039 diligenterque
1314 3954 1573 4024 examinavimus
1610 3957 1761 4023 eosdom⁰
1790 3964 1823 4024 et

167 4061 314 4144 ipsorum
330 4059 421 4128 dicta
443 4061 479 4127 in
503 4061 637 4145 scriptis
660 4060 846 4146 redegimus
863 4069 897 4127 et
919 4061 1064 4144 ipsorum
1081 4059 1288 4129 defensiones
1308 4062 1385 4130 hinc
1401 4062 1479 4129 inde
1494 4082 1605 4130 omnes
1621 4069 1656 4130 et
1674 4063 1822 4148 singulas

168 4168 362 4251 audivimus,
391 4174 490 4251 prout
513 4171 556 4234 ad
579 4175 728 4235 nostrum
751 4167 785 4234 in
808 4169 872 4235 lrac
895 4173 992 4250 parte
1016 4171 1191 4251 spectabat
1214 4167 1396 4251 arbitrium,
1429 4169 1680 4252 exceptionibus
1710 4178 1744 4238 et
1767 4173 1823 4238 de-

168 4273 373 4342 fensionibus
397 4273 546 4341 omnibus
571 4294 591 4341 a
614 4274 793 4358 sepedictis
816 4274 968 4359 partibus
992 4274 1204 4357 renunciatis,
1237 4295 1276 4342 ao
1300 4278 1427 4343 demum
1456 4275 1491 4344 in
1516 4276 1605 4344 dicta
1636 4296 1737 4344 cauea
1767 4297 1822 4345 ar·

169 4379 320 4449 bitrabili
343 4400 403 4464 per
425 4400 485 4448 nos
502 4382 666 4464 concluso,
691 4382 788 4448 dictis
806 4381 957 4464 partibus
973 4381 1142 4449 nobiscnm
1157 4381 1343 4450 voluntarie
1361 4383 1631 4451 concludentibus
1645 4383 1680 4451 in
1696 4387 1820 4468 eadem,

168 4493 361 4570 statutoque
384 4507 443 4571 per
466 4507 526 4555 nos
550 4489 690 4574 sabbato
714 4487 861 4572 proximo
878 4495 954 4572 post
970 4487 1039 4554 Viti
1055 4495 1088 4556 et
1104 4488 1267 4556 Modesti¹
1291 4490 1335 4556 ad
1351 4490 1632 4573 pronunciandum
1655 4490 1689 4558 in
1709 4494 1821 4560 eadem

168 4615 207 4662 ac
240 4594 327 4661 dicto
358 4595 499 4662 sabbato
530 4614 633 4662 causa
663 4595 805 4662 sanioris
836 4594 1087 4663 deliberacionis
1122 4597 1271 4664 habende
1300 4615 1404 4680 usque
1434 4595 1468 4664 in
1498 4596 1614 4664 leriam
1644 4601 1820 4666 secundam

168 4701 351 4785 proximam
373 4699 550 4768 immediate
574 4708 763 4784 sequentem
788 4709 975 4787 prorogato,
1006 4700 1270 4786 iurisperitorum
1300 4703 1379 4771 freti
1402 4702 1536 4771 consilio
1561 4723 1601 4772 ao
1631 4723 1731 4788 penes
1760 4724 1820 4773 nos

166 4801 407 4874 deliberacione
442 4807 618 4890 prehabito
652 4807 818 4894 diligenti:
852 4827 915 4875 nos
945 4807 1048 4892 igitur
1072 4809 1153 4877 visis
1183 4809 1271 4878 dicte
1301 4829 1400 4878 cause
1430 4810 1556 4878 meritis
1587 4809 1764 4896 diligenter
1787 4821 1821 4879 et

166 4912 396 4996 consideratis,
427 4920 461 4980 et
484 4914 562 4997 quia
575 4901 776 4997 invenimus,
801 4913 1021 4983 intencionem
1044 4916 1268 4999 predictorum
1298 4925 1448 4986 actorum
1478 4937 1537 5001 per
1567 4917 1657 4986 dicta
1687 4919 1819 4987 testium

165 5020 321 5107 legalium
345 5028 378 5088 et
407 5023 567 5088 bonorum
596 5021 795 5090 sufficienter
823 5021 897 5090 iore
926 5021 1109 5106 fundatam,
1144 5025 1204 5090 snb
1235 5025 1345 5092 debito
1377 5025 1479 5092 eciam
1510 5024 1616 5092 nostri
1644 5024 1821 5093 iuramenti

165 5127 304 5195 dicimus
327 5133 362 5195 et
384 5127 638 5210 pronunciamus
662 5129 697 5195 in
720 5129 784 5196 hiis
809 5129 954 5213 scriptis,
987 5131 1076 5197 bona
1098 5132 1285 5216 prescripta
1308 5133 1417 5200 omnia
1440 5139 1474 5200 et
1497 5131 1628 5218 singula
1655 5131 1819 5200 decimare

165 5237 285 5302 debere
302 5233 400 5302 dictis
423 5234 594 5302 actoribus
618 5236 713 5318 pleno
736 5235 808 5304 inre
832 5242 866 5304 et
889 5239 1003 5304 eadem
1020 5238 1141 5321 partim
1158 5239 1323 5322 pertinere
1340 5241 1382 5306 ad
1399 5239 1557 5306 decimam
1572 5237 1649 5306 ville
1667 5239 1819 5307 Bomers-

164 5341 251 5409 beim
267 5341 448 5424 superioris
461 5348 496 5408 et
507 5341 628 5425 partim
640 5343 863 5410 Bomersbeim
877 5341 1053 5426 inferioris,
1070 5363 1131 5428 per
1145 5352 1332 5428 presentem
1347 5353 1496 5413 nostram
1511 5345 1818 5429 pronunciationem

164 5449 295 5516 finalem
325 5447 554 5516 arbitrabilem
584 5456 618 5516 et
647 5469 706 5532 per
730 5450 840 5517 omnia
863 5453 1065 5534 concordem,
1090 5471 1146 5518 reo
1171 5453 1320 5535 predicto
1343 5468 1442 5537 snper
1465 5453 1628 5537 peticione
1659 5460 1693 5520 et
1722 5470 1818 5521 usur-

431 5682 456 5729 a)
470 5677 520 5723 Die
533 5679 618 5730 ,itanu
633 5677 691 5721 tired
703 5677 758 5723 hier
771 5678 824 5722 and
837 5679 965 5723 weiterblrt
976 5678 1145 5734 [πέπτωκα.
1174 5681 1198 5734 b)
1215 5669 1278 5725 door
1292 5681 1336 5724 der
1350 5680 1423 5725 lette.
1450 5682 1474 5735 o)
1492 5671 1555 5726 Uber
1569 5680 1658 5726 liam.

218 5865 468 5922 walamir.
