4414 6402
419 317 482 381 118
1094 317 1164 372 1320
1181 315 1338 386 September
1356 317 1397 374 26.

416 512 569 596 religiose
603 512 805 594 temporibus
839 511 909 579 vite
942 531 1011 579 mee
1044 512 1078 580 in
1111 513 1205 580 annis
1238 513 1376 598 singulis
1408 517 1488 580 dare
1521 522 1555 581 et
1587 513 1756 600 porrigere
1786 521 1952 594 tenentur,
1983 513 2071 581 inira

416 619 675 702 assumpcionem
698 618 853 687 videlicet
875 625 909 686 et
932 620 1141 687 nativitatem
1166 623 1263 687 beate
1276 624 1304 708 11
1316 621 1422 688 Marie
1445 621 1583 706 virginis
1608 625 1670 688 duo
1695 621 1793 706 testa,
1818 629 1852 689 et
1875 630 1952 705 post
1967 642 2072 688 meum

417 719 595 794 discessum
621 725 765 810 deipsis
789 725 1030 810 quinquaginta
1053 728 1215 794 octalibus
1240 728 1378 813 siliginis
1402 727 1550 812 personis
1575 728 1772 811 subscriptis
1795 728 1915 812 viginti
1931 735 2073 811 quatuor

416 833 539 902 octalia
566 833 718 919 siliginis,
743 829 901 902 videlicet
919 833 1017 918 Hille,
1043 834 1150 902 sorori
1172 855 1253 918 mee,
1278 834 1523 916 quatuordecim
1548 835 1671 902 octalia
1694 834 1850 918 siliginis;
1875 835 2071 918 Elyzabeth

416 941 537 1010 lamule
571 961 656 1025 mee,
692 960 750 1008 εει
785 939 907 1008 octalia
941 940 1096 1024 siliginis;
1132 941 1211 1008 item
1245 941 1303 1009 uni
1335 961 1485 1025 persone,
1521 941 1710 1024 cmcumque
1745 942 1890 1024 voluero,
1927 949 2070 1024 quatuor

416 1049 538 1117 octalia
568 1047 717 1133 siliginis
743 1047 914 1116 annuatim
944 1049 1193 1129 presentabunt.
1241 1047 1382 1130 Reliqua
1412 1068 1490 1117 vero
1521 1047 1739 1130 remanentia,
1770 1048 1926 1116 videlicet
1949 1047 2070 1132 viginti

377 1243 380 1248 Ι
416 1163 450 1224 11
485 1176 543 1224 sex
578 1155 700 1224 1111111
733 1155 882 1239 siliginis,
915 1155 957 1220 ad
990 1154 1082 1237 ipsas
1116 1154 1219 1222 libere
1253 1163 1474 1222 revertentur.
1533 1155 1597 1222 Illa
1630 1162 1741 1222 autem
1775 1155 1895 1239 viginti
1930 1162 2073 1236 quatuor

416 1263 538 1331 octalia
573 1262 711 1348 siliginis
747 1261 913 1329 antedicte
948 1281 1087 1343 persone
1122 1264 1164 1328 ad
1199 1268 1348 1344 tempora
1382 1261 1451 1331 vite
1486 1281 1545 1328 sue
1579 1263 1750 1328 habebunt
1781 1269 1816 1328 et
1845 1261 2071 1344 possidebunt.

415 1370 503 1454 Ipsis
537 1390 616 1438 vero
653 1369 803 1454 personis
838 1367 903 1435 iam
938 1367 1036 1434 dictis
1071 1372 1111 1434 de
1145 1368 1250 1434 medio
1285 1368 1424 1435 sublatis
1460 1369 1573 1453 pensio
1610 1367 1749 1453 siliginis
1783 1366 1963 1449 unicuique
1998 1387 2073 1450 per-

415 1497 494 1544 sone
524 1477 655 1544 illarum
686 1479 846 1559 deputata
875 1481 1063 1542 revertetur
1093 1478 1135 1540 ad
1166 1475 1316 1558 predicta
1346 1475 1465 1560 viginti
1496 1481 1529 1542 et
1560 1495 1618 1543 sex
1649 1475 1772 1542 octalia
1801 1473 1941 1559 siliginis
1966 1475 2072 1541 etsie

414 1603 569 1652 numerus
601 1583 851 1664 antedictorum,
877 1581 1030 1649 videlicet
1061 1581 1302 1666 quinquaginta
1332 1582 1486 1649 octalium
1518 1582 1666 1666 siliginis
1700 1583 1755 1664 qui
1785 1581 1929 1648 minutus
1959 1579 2073 1648 iuerat
2188 1571 2189 1576 ’

415 1709 474 1774 per
504 1689 594 1758 illem
622 1689 821 1774 pensionem,
852 1688 1062 1773 integraliter
1093 1688 1291 1771 adimpletur
1321 1695 1355 1756 et
1384 1695 1463 1755 tunc
1493 1689 1529 1756 in
1558 1689 1735 1756 dominium
1765 1695 1799 1754 et
1829 1689 2072 1771 possessionem

415 1797 559 1864 eiusdem
590 1796 726 1864 ecclesie
755 1797 858 1863 libere
888 1801 1085 1876 revertetur,
1111 1795 1207 1862 titulo
1231 1796 1446 1879 proprietatis
1471 1803 1629 1880 perpetuo
1654 1794 1788 1878 pacifice
1812 1795 2014 1876 possidenda
2039 1848 2071 1865 ..

415 1905 572 1971 Preterea
596 1923 657 1988 ego
680 1904 875 1987 Margareta
897 1901 1050 1984 predicta
1073 1905 1185 1968 eodem
1209 1906 1303 1968 modo
1327 1903 1512 1986 prenotatis
1536 1902 1701 1988 religiosis
1726 1955 1759 1971 ..
1784 1901 1954 1969 abbatisse
1978 1910 2014 1969 et
2038 1955 2072 1970 ..

415 2011 593 2086 conventui
622 2019 697 2093 post
726 2031 832 2078 meum
863 2010 985 2078 obitum
1010 2008 1168 2093 deputavi
1192 2017 1225 2076 et
1249 2010 1420 2096 assignavi
1443 2017 1477 2076 et
1500 2009 1711 2093 presentibus
1735 2012 1857 2092 deputo
1881 2016 1915 2076 et
1938 2009 2072 2093 assigno

415 2138 495 2202 pure
519 2125 656 2202 propter
672 2121 766 2185 deum
783 2121 921 2184 duarum
937 2135 1122 2202 1111111111
1138 2117 1285 2184 redditus
1303 2117 1510 2184 denariorum
1528 2116 1768 2184 coloniensium
1785 2135 1902 2182 census
1919 2116 2072 2183 annualis

413 2225 504 2292 inira
526 2245 637 2293 muros
653 2223 977 2292 Frankinlordenses
1002 2223 1094 2306 sitas,
1120 2222 1207 2290 sicut
1231 2243 1270 2290 11
1292 2225 1452 2290 hactenus
1475 2223 1577 2290 habui
1593 2231 1626 2291 et
1643 2223 1783 2307 possedi,
1808 2243 1881 2289 cum
1897 2242 1956 2289 suo
1973 2243 2072 2289 onere

415 2333 638 2417 precariarum
670 2351 728 2399 seu
760 2339 943 2414 sturarum,
976 2337 1074 2413 prout
1104 2330 1163 2396 alii
1194 2329 1283 2398 cives
1315 2328 1656 2414 Frankinlordenses‚
1688 2349 1762 2398 cum
1791 2349 1927 2397 necesse
1957 2328 2071 2412 luerit,

414 2441 654 2522 solvendarum,
680 2445 839 2523 perpetuo
870 2437 1007 2520 pacifice
1038 2437 1265 2521 possidendas,
1289 2438 1339 2504 ita
1366 2458 1459 2520 sane,
1485 2441 1572 2521 quod
1601 2457 1668 2505 una
1696 2457 1811 2506 marca
1841 2456 1912 2504 cum
1937 2437 2073 2503 dimidia
2189 2465 2190 2474 ¹

413 2547 510 2630 Hille,
536 2547 642 2614 sorori
664 2566 734 2613 mee
757 2545 915 2630 predicte,
942 2548 1045 2626 cedet,
1070 2565 1137 2610 una
1160 2545 1314 2612 videlicet
1337 2565 1450 2612 marca
1464 2564 1568 2628 supra
1584 2546 1712 2612 domum
1727 2535 1891 2626 lapideam
1906 2546 2073 2625 quondam
2189 2543 2190 2548 ’

414 2654 605 2738 Gyselberti
627 2653 780 2738 ligatoris
804 2655 890 2735 apud
915 2659 1066 2719 sanctum
1081 2653 1263 2736 Nycoluum
1287 2651 1384 2718 sitam
1403 2652 1438 2718 in
1455 2651 1541 2718 testo
1557 2651 1649 2718 beati
1663 2651 1818 2734 Martini3
1842 2651 1921 2718 item
1937 2649 2073 2716 dimidia

413 2782 527 2828 marca
550 2781 651 2844 supra
674 2764 803 2827 domum
827 2759 925 2827 sitam
948 2757 1134 2825 immediate
1158 2757 1310 2825 videlicet
1335 2762 1449 2826 domus
1472 2778 1552 2842 mee,
1578 2778 1675 2840 quam
1695 2761 1859 2840 quondam
1873 2756 2070 2835 inhabitavi,

415 2876 448 2935 et
472 2871 600 2935 domum
623 2867 775 2952 magistri
785 2866 952 2951 Wygandi
974 2865 1101 2946 medici,
1126 2884 1224 2947 quam
1247 2866 1409 2946 quondam
1428 2865 1632 2935 inhabitavit
1648 2865 1800 2949 Gyssele,
1824 2865 1892 2932 filia
1907 2867 2071 2947 quondam

414 2975 495 3042 dicti
521 3028 552 3042 ..
578 2976 818 3056 Omestederes,
844 2973 879 3040 in
903 2971 988 3039 leste
1013 2971 1103 3038 beati
1126 2970 1281 3054 Martini;
1312 2971 1390 3038 item
1414 2971 1598 3057 Hedevigi,
1622 2979 1701 3040 nate
1725 2975 1887 3055 quondam
1911 2971 2072 3038 Lotzonis

413 3081 530 3150 fratris
563 3081 640 3158 mei,
674 3083 769 3148 cedet
799 3079 933 3146 dimidia
962 3097 1076 3145 marca
1107 3097 1208 3160 supra
1239 3081 1367 3145 domum
1396 3079 1559 3146 Friderici
1589 3078 1670 3145 dicti
1693 3079 1876 3162 Schurgen‚
1908 3077 2007 3144 sitam
2037 3077 2071 3144 in

413 3189 535 3273 platea,
560 3208 622 3271 que
645 3187 829 3272 vulgariter
853 3186 973 3253 dicitur
997 3184 1049 3250 die
1067 3185 1262 3268 Santgazze,
1287 3183 1441 3252 infestis
1465 3186 1579 3254 diebus
1603 3187 1832 3268 penthecostes
1855 3186 1898 3251 ad
1920 3191 2072 3267 tempora

413 3520 446 3580 et
469 3511 685 3595 possidebunt
708 3507 844 3591 pacifice
860 3505 1123 3574 contradictione
1139 3504 1358 3588 quorumlibet
1374 3525 1439 3572 non
1456 3507 1620 3573 obstante.
1669 3507 1748 3574 Cum
1764 3504 1831 3572 illis
1846 3523 1925 3572 vero
1942 3505 2071 3570 duabus

412 3619 534 3688 marcis
558 3635 675 3684 census
695 3614 847 3682 annuahs
862 3620 897 3680 et
912 3613 992 3696 ipsis
1009 3611 1249 3696 quinquaginta
1265 3611 1427 3678 octalihus
1444 3613 1582 3698 siliginis
1597 3613 1704 3696 ipsum
1721 3612 1890 3679 cenobium
1905 3609 2069 3693 disponet,

414 3733 510 3810 prout
535 3723 695 3805 sequitur,
720 3720 874 3791 videlicet
898 3722 984 3801 quod
1008 3719 1179 3787 annuatim
1203 3726 1278 3802 post
1302 3719 1427 3786 obitum
1450 3739 1557 3786 meum
1581 3720 1670 3787 circa
1689 3717 1811 3786 festum
1827 3717 1918 3785 beati
1933 3716 2071 3783 Martini

411 3833 486 3915 ipsa
515 3828 757 3914 quinquaginta
787 3825 909 3894 octalia
939 3825 1077 3910 siliginis
1108 3827 1229 3892 debent
1261 3825 1410 3893 converti
1438 3825 1473 3892 in
1500 3825 1672 3908 pecuniam
1696 3833 1826 3893 etcum
1848 3825 1906 3890 illa
1930 3823 2071 3906 pecunia

412 3939 566 4008 derivata
596 3939 635 4004 de
665 3935 740 4018 ipsa
770 3953 901 4002 annona
932 3940 966 3999 et
997 3953 1070 4000 cum
1098 3931 1181 4016 ipsis
1212 3934 1340 3999 duabus
1370 3933 1492 4000 marcis
1515 3952 1634 4000 census
1657 3929 1781 4016 prefati
1805 3932 1927 3998 debent
1950 3929 2012 3996 emi
2036 3936 2070 3995 et

413 4045 599 4128 comparari
622 4045 710 4128 vina,
735 4042 770 4110 in
801 4039 958 4125 quantum
989 4059 1025 4106 se
1054 4038 1202 4106 extendit
1226 4039 1367 4122 pecunia
1390 4039 1514 4123 totalis,
1539 4045 1573 4106 et
1595 4039 1652 4106 iila
1676 4039 1917 4121 vincpersone
1940 4035 2069 4118 inipso

413 4153 547 4220 cenobio
578 4152 758 4218 existentes
788 4148 947 4231 incipient
976 4146 1089 4213 bibere
1119 4147 1154 4212 in
1184 4143 1270 4212 iesto
1301 4129 2069 4228 11111111111111111111,111,1111111111

411 4261 518 4328 tribus
548 4258 697 4342 personis
724 4277 824 4323 unum
855 4255 951 4322 duale
981 4253 1050 4321 vini
1072 4251 1288 4334 ministretur,
1320 4253 1438 4320 11111
1462 4253 1587 4320 tamdiu
1611 4249 1746 4334 facient,
1771 4269 1940 4332 quousque
1963 4248 2069 4332 ipsum

411 4367 524 4436 vinum
539 4367 687 4448 durabit;
710 4363 891 4432 adicientes
907 4359 1145 4442 nichilominus
1159 4367 1197 4427 ut
1213 4362 1274 4428 hoc
1291 4365 1539 4442 praecavemus·
1561 4379 1601 4424 ne
1619 4357 1765 4442 pitancia
1783 4377 1895 4424 earum
1912 4363 2068 4422 consuete

411 4475 492 4558 ipsis
521 4475 584 4540 hac
616 4476 655 4539 de
685 4491 788 4539 causa
818 4469 1027 4551 aliquatenus
1050 4467 1298 4534 subtrahentur.
1347 4465 1465 4534 Omnia
1489 4465 1649 4548 premissa
1673 4473 1707 4532 et
1731 4464 1861 4548 singula
1885 4461 2067 4546 predictum

413 4580 640 4648 ..cenobium
670 4578 807 4645 tirmiter
837 4574 1036 4643 observabit.
1084 4573 1209 4659 Quodsi
1240 4571 1442 4655 sepedictum
1470 4573 1643 4640 cenobium
1667 4625 1674 4638 .
1694 4627 1701 4642 .
1725 4571 1761 4640 in
1790 4572 1851 4638 hoc
1874 4567 2068 4654 negligensb

411 4688 512 4756 luerit
544 4695 602 4755 aut
631 4685 811 4766 remissum,
837 4701 1038 4765 quocumque
1069 4699 1254 4764 anusque
1286 4680 1448 4764 premissa
1477 4699 1542 4746 non
1573 4677 1801 4762 adimpleverit
1824 4697 1883 4744 suo
1907 4682 2063 4758 tempore,

411 4803 448 4863 ut
479 4802 529 4862 est
560 4792 755 4875 condictum,
781 4843 814 4858 ..
840 4789 1027 4874 provisores
1059 4787 1169 4871 pontis
1200 4793 1295 4854 trans
1324 4787 1458 4870 Magum
1480 4784 1717 4869 Frankiulord,
1743 4783 1799 4868 qui
1828 4803 1888 4867 pro
1919 4791 2065 4866 tempore

410 4901 544 4984 luerint,
575 4901 666 4983 ipsas
697 4902 779 4965 duas
807 4915 938 4964 marcas
969 4903 1003 4962 11
1032 4896 1105 4979 ipsa
1135 4893 1375 4978 quinquaginta
1405 4893 1527 4960 octaha
1556 4893 1698 4976 siliginis
1728 4911 1814 4960 anno
1845 4892 2064 4972 subsequente

410 5009 513 5093 ipsius
537 5007 647 5092 pontis
666 5004 1030 5090 11111111111111111.Ι
1068 5000 1456 5082 (111111111111111111,
1482 5003 1576 5082 quod,
1603 5001 1860 5081 quandocunque
1879 5051 1885 5061 .
1901 5049 1907 5063 .
1926 5015 2064 5080 persone

410 5120 452 5183 ad
477 5115 713 5198 disponendum
736 5116 918 5179 memorata
941 5110 1123 5177 constitute
1146 5107 1359 5190 decesserint,
1385 5111 1446 5174 due
1471 5125 1610 5190 persone
1633 5105 1780 5172 seniores
1802 5105 1837 5172 in
1860 5103 1923 5170 hiis
1946 5121 2064 5186 paren-

409 5223 494 5305 talis,
519 5221 673 5288 videlicet
697 5221 720 5287 J
722 5217 860 5285 ohannis
890 5215 970 5282 dicti
993 5215 1159 5283 Goltstein
1190 5221 1224 5281 et
1248 5213 1439 5299 Gypelonis,
1472 5216 1634 5296 quondam
1663 5211 1770 5295 patris
1792 5211 1866 5291 mei,
1891 5208 2064 5278 masculini

411 5349 509 5396 sexus
533 5327 723 5408 existentes
749 5328 926 5392 succedent
949 5327 992 5390 ad
1015 5322 1250 5406 disponendum
1274 5327 1308 5387 et
1331 5320 1547 5387 ordinandum
1571 5319 1689 5402 omnia,
1714 5338 1776 5402 que
1800 5325 1877 5384 sunt
1893 5316 2061 5400 premissa.

410 5437 529 5503 Testes
552 5434 648 5502 huius
671 5433 721 5500 rei
744 5439 837 5499 sunt:
855 5431 1018 5499 Vohadus
1042 5429 1213 5511 scultetus
1238 5429 1261 5495 J
1263 5429 1409 5494 ohannes
1432 5427 1542 5493 dictus
1567 5423 1734 5494 Goitstein
1758 5423 1936 5508 predictus
1953 5425 2063 5490 11111-

410 5543 515 5612 winus
545 5561 611 5610 von
641 5544 699 5607 der
729 5541 855 5620 Ecken,
879 5538 1016 5621 Wygelo
1049 5540 1088 5604 de
1109 5537 1311 5618 Wanebach,
1342 5534 1553 5602 Hermannus
1584 5531 1791 5614 Clohelauch,
1821 5531 1994 5598 lohannes
2024 5531 2062 5596 de

408 5649 609 5734 Holzhusen,
640 5648 789 5715 Jacobus
818 5645 1025 5728 Olobelauch,
1056 5644 1226 5711 Johannes
1257 5641 1424 5712 Goltstein
1452 5640 1570 5723 iunior,
1600 5639 1797 5737 1111111111
1826 5655 1924 5720 quam
1953 5635 2062 5719 plures

677 5825 702 5878 a)
717 5821 759 5869 Or.
774 5823 952 5877 ,praecatura
982 5821 1006 5874 b)
1022 5819 1062 5865 Or.
1079 5817 1224 5873 ,nudent

412 3298 480 3366 vite
509 3297 666 3381 ipsarum,
691 3301 729 3360 ut
759 3314 796 3361 eo
826 3293 941 3361 melius
971 3289 1211 3361 sustententur.
1259 3291 1345 3374 Ipsis
1375 3311 1454 3360 vero
1478 3297 1518 3360 de
1541 3293 1647 3360 medio
1672 3291 1812 3360 sublatis
1835 3289 1984 3374 predicte
2007 3293 2071 3357 due
2190 3317 2191 3348 1

414 3424 526 3472 marce
550 3408 593 3470 ad
617 3401 784 3486 predictas
808 3400 981 3484 religiosas
999 3453 1004 3466 .
1021 3452 1027 3466 .
1044 3399 1147 3466 libere
1171 3405 1382 3466 revertentur
1404 3406 1438 3465 et
1462 3405 1540 3465 tunc
1556 3397 1722 3483 predictos
1737 3398 1886 3466 redditus
1901 3397 2072 3464 habebunt
