4416 6414
206 301 211 312 '
264 347 265 352 ¹
369 313 412 378 22
1017 310 1087 365 1111
1105 309 1164 379 [vor
1183 308 1371 380 11111141.

369 509 433 584 33.
460 517 530 583 Der
559 517 779 600 Frualcsuricr
811 519 950 601 Pforrer
980 521 1141 604 Sieqfried
1170 521 1344 584 iibcrruicht
1373 520 1434 584 dea
1463 519 1632 584 coaonae
1663 518 1931 584 Sobiedsraobtem
1958 521 2023 582 riae

457 625 681 710 Kloqcschra’si
702 647 801 711 papea
824 627 884 693 dua
907 627 1254 708 Bartholomaeusstisl.
1302 631 1389 691 1315
1414 627 1487 710 [vor
1512 627 1641 694 October
1663 625 1751 708 24].¹

477 789 595 854 (loram
617 787 712 855 vobis
739 787 987 854 honorabilibus
1010 787 1101 869 viria,
1127 841 1133 854 .
1162 844 1167 856 .
1198 787 1372 854 scolastico
1397 795 1430 854 et
1456 794 1593 858 cantore
1616 787 1753 855 ecclesie
1778 795 1893 854 sancte
1916 789 2022 855 Maria

370 899 412 962 ad
435 897 569 964 Gradus
588 895 780 980 Moguntine
802 914 841 962 ao
867 895 1029 979 magistro
1051 896 1241 962 Hermanno
1258 898 1298 960 de
1314 893 1600 980 Escheneweilge,
1619 895 1776 962 canonico
1792 895 2021 977 Northnsensi,

370 1001 517 1082 arbitris,
548 1002 804 1070 arbitratoribus
830 1002 900 1070 sive
924 1002 1152 1069 amicabilibus
1176 1001 1448 1085 compositoribus
1472 1003 1586 1071 electis
1609 1023 1709 1088 super
1733 1002 1897 1095 decisione
1920 1001 2023 1069 infra

369 1111 568 1194 scriptarum
603 1109 811 1192 questionum
845 1110 917 1178 sive
952 1130 1136 1192 causarum,
1161 1109 1185 1182 ll
1208 1130 1270 1191 que
1302 1109 1390 1175 inter
1421 1109 1615 1193 magistrum
1647 1107 1813 1192 Sitridum,
1847 1109 2022 1193 plebanum

370 1220 733 1302 Frankenvordensem,
759 1239 800 1285 ex
823 1239 899 1301 una,
924 1238 1051 1286 necnon
1069 1271 1075 1284 .
1095 1271 1101 1282 .
1127 1221 1287 1285 decanum
1309 1224 1342 1284 et
1358 1217 1537 1300 capitulum
1554 1225 1654 1300 atque
1673 1217 1779 1286 socios
1796 1217 1865 1284 sive
1881 1217 2024 1286 vicarios

370 1327 450 1395 dicti
477 1327 541 1395 loci
568 1333 665 1410 parte
683 1325 706 1399 ll
724 1333 900 1394 vertuntur
924 1346 964 1393 ex
988 1324 1105 1407 altera,
1132 1324 1212 1392 dicit
1236 1330 1270 1390 et
1292 1324 1326 1390 in
1350 1323 1422 1391 inre
1447 1324 1600 1407 proponit
1622 1323 1708 1396 idem
1730 1325 1890 1409 plebanus
1907 1331 2024 1392 contra

371 1439 530 1502 decanum
559 1441 592 1500 et
621 1433 799 1516 capitulum
828 1453 868 1500 ac
897 1432 1004 1499 socios
1027 1431 1080 1528 vel
1103 1431 1246 1499 vicarios
1275 1433 1471 1512 antedictos,
1501 1431 1692 1513 quodlicet
1721 1452 1762 1499 ex
1791 1431 1951 1499 canonica
1976 1432 2024 1498 in-

370 1541 545 1609 stitutione
564 1595 571 1607 .
590 1592 597 1607 .
623 1540 783 1625 prepositi
803 1539 1135 1606 Frankenvordensis
1160 1557 1273 1604 euram
1297 1545 1331 1605 et
1346 1538 1492 1623 regimen
1508 1539 1595 1605 dicte
1612 1539 1786 1622 parrochie
1802 1538 1963 1622 legittime
1980 1538 2024 1604 sit

371 1651 522 1731 adeptus,
547 1653 658 1714 tamen
681 1645 763 1712 dicti
785 1649 930 1712 decanus
954 1651 988 1710 et
1012 1645 1191 1728 capitulum
1215 1652 1315 1728 atque
1338 1645 1465 1718 vicarii,
1492 1645 1663 1727 quominus
1688 1665 1799 1714 curam
1825 1653 1857 1713 et
1879 1645 2024 1730 regimen

370 1755 476 1838 ipsius
501 1753 674 1838 parrochie
698 1753 800 1820 libere
823 1772 940 1837 gerere
963 1759 998 1818 et
1021 1750 1114 1819 iacta
1137 1751 1242 1834 ipsius
1259 1751 1368 1834 quiete
1385 1772 1563 1834 procurare
1580 1754 1701 1836 valeat,
1720 1761 1758 1822 ut
1778 1756 1885 1832 debet,
1908 1759 2026 1820 contra

372 1866 468 1930 deum
500 1879 690 1942 omnemque
718 1859 884 1926 iusticiam
913 1859 1021 1942 ipsum
1043 1859 1226 1942 impediunt
1248 1858 1475 1942 multipliciter
1499 1866 1532 1925 et
1556 1861 1764 1943 perturbant.
1813 1861 1846 1946 1)
1870 1859 2025 1941 Inprimis

371 1969 457 2036 enim
484 1967 667 2050 inpediunt,
697 1986 738 2033 11
761 1967 922 2048 plebanus
946 1966 1060 2048 suique
1084 1965 1166 2033 socii
1189 1965 1417 2050 parrochianis
1439 1965 1509 2033 suis
1532 1966 1650 2034 missas
1674 1967 1842 2044 celebrent
1864 1967 1955 2034 horis
1978 1966 2026 2034 eis

371 2079 414 2144 ad
445 2077 507 2142 hoc
539 2076 581 2142 ab
613 2073 748 2155 antiqno
778 2073 900 2140 debitis
931 2079 965 2139 et
997 2072 1172 2154 consuetis,
1200 2076 1387 2140 mandando
1416 2080 1451 2139 et
1477 2071 1639 2156 iaciendo,
1661 2077 1746 2156 quod
1775 2082 1886 2144 tamen
1913 2072 2025 2141 iacere

372 2202 437 2248 non
461 2182 629 2262 deberent,
654 2180 761 2247 dictes
784 2181 884 2246 horas
908 2179 1041 2247 nimium
1065 2179 1271 2262 tempestivis
1287 2179 1532 2262 pulsationibus
1549 2181 1725 2264 preveniri,
1743 2183 1829 2266 quod
1845 2189 1896 2248 est
1912 2180 2026 2262 utique

372 2287 601 2372 parrochianis
623 2287 859 2356 inconveniens
882 2287 1012 2369 ipsique
1035 2286 1175 2370 plebano
1199 2289 1423 2370 dampnosum,
1449 2287 1624 2370 probibent
1647 2287 1751 2360 eciam
1774 2289 1959 2374 plebanum,
1984 2307 2025 2354 11

372 2394 609 2478 parrochianos
637 2396 778 2477 eosdem,
808 2397 938 2477 quando
966 2400 999 2461 et
1024 2393 1179 2475 quociens
1204 2393 1383 2475 requiritur
1407 2401 1545 2477 etopus
1569 2401 1630 2476 est,
1657 2394 1872 2464 communicet
1895 2401 1928 2460 et
1952 2413 2026 2476 pre-

373 2501 468 2585 cipue
500 2501 615 2568 11111111
647 2508 681 2568 11
714 2500 916 2585 temporibus
949 2501 1146 2575 subnotatis,
1178 2499 1332 2568 videlicet
1364 2501 1399 2567 11
1431 2501 1484 2568 die
1517 2501 1757 2584 purificationis
1789 2503 1888 2569 beate
1919 2500 2026 2568 Mario

371 2607 522 2693 virginis,
551 2608 585 2675 in
613 2607 728 2692 vigilia
756 2609 879 2691 pasche
907 2614 941 2674 11
969 2614 1188 2691 pentecostes,
1217 2607 1250 2673 in
1280 2609 1332 2674 die
1360 2608 1542 2690 palmarum
1570 2609 1672 2675 acin
1700 2608 1752 2676 die
1780 2609 2020 2696 parascheve·

373 2719 459 2798 quod
486 2723 597 2783 tamen
625 2721 713 2782 esset
738 2733 862 2782 summe
886 2714 1109 2781 necessarium
1132 2715 1230 2782 dictis
1254 2715 1456 2797 temporibus
1479 2721 1573 2781 tante
1598 2703 1694 2798 plebi,
1720 2723 1752 2781 et
1777 2713 1918 2803 prefatis
1942 2722 2026 2780 tem-

373 2822 509 2906 poribus
533 2841 572 2888 ac
596 2821 719 2904 diebus,
745 2819 811 2888 ne'b
830 2822 992 2904 plebanus
1015 2819 1243 2903 parrochianis
1265 2821 1347 2904 ipsis
1370 2821 1517 2890 divinum
1541 2822 1685 2889 celebret
1701 2821 1855 2906 officium,
1878 2820 2027 2888 similiter

354 2929 590 3022 interdicunt,
619 2935 654 2995 et
681 2927 909 2995 nichilominus
934 2935 1002 2994 tam
1028 2927 1192 3010 canonici,
1220 2947 1316 3009 quam
1339 2928 1455 2995 vicarii
1484 2929 1711 3012 parrochianis
1735 2929 1858 3000 eisdem
1881 2930 2028 3012 qnando-

374 3055 509 3117 cumque
530 3035 720 3102 ministrare
741 3041 933 3118 presumunt
954 3034 1180 3101 ecclesiastica
1201 3039 1412 3102 sacramenta
1431 3041 1465 3101 et
1479 3033 1625 3117 ipsorum
1643 3055 1782 3118 corpora
1798 3033 2027 3106 defunctorum

374 3141 537 3226 sepeliunt
561 3161 600 3208 ac
624 3142 727 3208 eciam
751 3141 935 3209 oblationes
960 3147 993 3208 et
1017 3140 1182 3208 1111111111
1205 3147 1306 3224 atque
1328 3141 1441 3226 legata
1464 3141 1552 3209 dicto
1572 3144 1712 3225 plebano
1732 3141 1846 3214 debita
1864 3141 2028 3225 recipiunt

374 3251 416 3317 ab
444 3249 575 3316 eisdem.
622 3250 781 3316 Preterea
806 3251 950 3316 decanus
974 3255 1008 3315 11
1031 3247 1212 3331 capitulum
1234 3247 1268 3313 in
1292 3248 1432 3314 ecclesia
1456 3267 1517 3316 sna
1541 3249 1749 3332 parrochiali,
1775 3250 1863 3316 dicto
1886 3249 2028 3334 plebano

374 3356 507 3438 suisque
531 3355 759 3439 parrochianis
783 3355 1013 3438 principaliter
1037 3357 1198 3438 deputata
1222 3362 1256 3422 et
1279 3375 1338 3439 per
1360 3355 1450 3437 ipsos
1475 3362 1667 3422 constructa
1690 3339 1725 3422 11
1748 3355 1904 3424 edificata
1924 3375 1964 3422 ao
1985 3359 2028 3422 ad

374 3483 453 3531 usus
475 3463 622 3546 ipsorum
645 3461 835 3546 specialiter
855 3461 1052 3544 pertinente,
1078 3461 1200 3529 altaria
1220 3463 1352 3546 erigunt
1372 3468 1406 3528 et
1427 3461 1511 3547 erigi
1529 3459 1658 3528 iaciunt
1675 3469 1708 3528 et
1727 3481 1828 3546 super
1844 3461 1891 3530 eis
1910 3461 2029 3528 missas

375 3572 545 3638 celebrant
568 3589 628 3652 per
651 3575 795 3650 cantum,
819 3588 885 3635 non
909 3568 1013 3636 solum
1035 3568 1236 3652 irrequisito,
1261 3571 1318 3636 sed
1343 3569 1592 3636 contradicente
1612 3568 1762 3652 plebano,
1788 3568 1936 3655 aliasque
1955 3569 2029 3635 iura

375 3686 408 3744 et
443 3682 567 3744 statum
603 3676 776 3760 parrochie
807 3675 954 3742 indebite
987 3675 1050 3742 sibi
1081 3675 1260 3744 vendicant
1293 3683 1327 3742 et
1358 3682 1522 3758 usurpant
1554 3676 1587 3742 in
1621 3679 1798 3743 eorundem
1830 3675 1964 3759 plebani
1995 3682 2030 3742 11

375 3783 550 3867 parrochie
573 3781 787 3866 preiudicium
811 3789 845 3850 et
867 3801 1057 3867 gravamen.
1093 3782 1183 3848 Petit
1204 3781 1308 3866 igitur
1324 3780 1475 3864 prefatus
1496 3783 1665 3864 plebanus,
1688 3786 1784 3866 quod,
1807 3802 1879 3853 oum
1900 3786 1940 3850 de
1958 3782 2029 3849 iure

375 3890 537 3957 communi
554 3896 587 3956 et
609 3889 846 3960 consuetudine
865 3889 1013 3974 generali
1029 3909 1118 3971 cura,
1138 3888 1293 3973 regimen,
1311 3889 1479 3956 ordinacio
1496 3894 1530 3955 et
1546 3888 1717 3972 dispositio
1733 3889 1840 3958 tocius
1856 3888 2029 3972 parrochie

375 4016 434 4064 sue
462 3997 794 4065 Frankenvordensis
823 3997 970 4079 predicte
999 4000 1041 4064 ad
1065 3997 1172 4080 ipsum
1196 4003 1362 4077 tamquam
1385 4014 1499 4063 verum
1521 4002 1684 4062 rectorem
1708 3996 1876 4079 pertineat
1899 4003 1933 4066 11
1957 4015 2030 4079 111-

375 4103 481 4170 tinere
505 4105 626 4172 debeat
649 4123 688 4170 ao
712 4103 815 4171 eciam
839 4102 979 4185 plebano
1004 4103 1075 4170 iure
1099 4109 1251 4186 spectare
1275 4107 1442 4186 noscatur,
1467 4102 1574 4170 dictos
1598 4105 1767 4182 decanum,
1793 4102 1973 4185 capitulum
1996 4109 2030 4168 et

255 4223 258 4227 '
374 4210 527 4293 vicarios,
557 4217 595 4278 ut
623 4231 643 4276 a
666 4209 824 4293 predictis
848 4209 988 4290 iniuriis,
1016 4209 1247 4294 inpedimentis
1270 4217 1304 4276 et
1327 4209 1584 4293 gravaminibus
1609 4227 1737 4277 necnon
1759 4208 1879 4276 iurium
1903 4215 1937 4279 et
1960 4206 2030 4276 iac-

375 4323 483 4384 torum
515 4316 688 4399 parrochie
721 4315 994 4398 usurpationibus
1027 4316 1184 4384 indebitis
1217 4317 1408 4383 abstineant
1440 4323 1474 4382 et
1504 4316 1633 4384 omnino
1666 4316 1832 4383 desistant
1858 4315 2029 4398 ipsumque

376 4423 550 4506 plebanum
579 4423 681 4490 libere
710 4429 744 4489 et
774 4425 898 4504 absque
928 4422 1015 4490 omni
1044 4423 1279 4506 prohibicione,
1303 4422 1524 4506 inpedimento
1549 4423 1618 4490 sive
1643 4421 1795 4489 molestia
1822 4422 2030 4504 parrochiam

377 4549 469 4598 suam
492 4550 609 4614 regere
632 4530 837 4613 permittant,
863 4537 897 4597 et
920 4536 958 4596 ut
981 4530 1085 4596 eidem
1109 4533 1149 4596 de
1173 4529 1397 4597 oblacionibus
1421 4530 1626 4598 funeralibus
1650 4536 1749 4613 atque
1772 4529 1894 4614 legatis
1917 4529 2030 4598 illicite

377 4658 397 4704 a
421 4637 489 4704 suis
513 4637 753 4720 parrochianis,
778 4643 817 4703 ut
839 4637 1051 4720 premittitur,
1077 4637 1230 4720 receptis,
1255 4656 1318 4719 que
1341 4640 1384 4704 ad
1403 4637 1549 4704 valorem
1573 4643 1704 4704 centum
1724 4655 1908 4703 marcarum
1930 4639 2030 4704 dena-

265 4799 267 4804 .
376 4744 499 4811 riorum
528 4744 770 4812 Coloniensium
793 4744 937 4826 estimat,
962 4747 1185 4825 respondeant
1208 4750 1242 4809 et
1265 4743 1409 4810 debitam
1433 4741 1706 4825 satisfactionem,
1731 4750 1769 4809 nt
1792 4748 1958 4826 tenentur,
1982 4742 2032 4812 in-

376 4853 532 4934 pendunt,
562 4870 621 4934 per
644 4869 703 4920 vos
727 4849 960 4919 favorabiliter
982 4850 1094 4918 induci
1109 4851 1162 4918 vel
1185 4869 1241 4918 eos
1264 4851 1383 4918 saltem
1398 4857 1513 4917 vestra
1529 4848 1649 4933 priusl
1666 4854 1709 4917 ad
1724 4849 1758 4940 id
1774 4852 2031 4932 condempnatos

377 4958 540 5025 sententia
568 4957 724 5025 canonice
749 4957 899 5040 compelli
926 4956 1084 5040 deposcit,
1110 4961 1259 5039 quodque
1283 4956 1405 5024 altaria
1428 4957 1462 5024 in
1486 4977 1547 5024 sua
1570 4957 1754 5040 parrochia,
1776 4962 1815 5022 nt
1840 4955 2030 5039 predicitur,

377 5070 569 5132 constructa
600 5072 633 5132 et
656 5072 768 5132 erecte
799 5068 842 5131 ad
872 5064 1089 5146 collationem,
1116 5064 1354 5132 ordinationem
1378 5073 1412 5131 et
1435 5064 1684 5147 dispositionem
1706 5064 1811 5147 ipsius
1834 5061 1969 5147 plebani
1991 5065 2032 5130 de

376 5170 448 5238 iure
478 5178 631 5255 spectare
660 5174 813 5254 debeant,
846 5191 905 5254 per
928 5178 1074 5239 vestram
1105 5171 1300 5238 sententiam
1330 5171 1415 5255 petit
1445 5170 1596 5238 similiter
1619 5171 1792 5252 declarari,
1819 5189 1893 5237 cum
1919 5169 2033 5252 utique

377 5279 500 5346 nullum
523 5278 575 5346 ius
598 5278 631 5345 in
654 5277 825 5362 premissis
847 5277 901 5346 vel
925 5297 1035 5344 eorum
1060 5277 1168 5359 aliquo
1194 5278 1407 5345 communiter
1422 5278 1475 5344 vel
1499 5277 1630 5344 divisim
1655 5281 1779 5344 decano
1805 5281 1864 5343 aut
1887 5275 2032 5358 capitulo

378 5405 436 5452 seu
459 5384 594 5454 vicariis
619 5390 785 5468 competat
806 5383 992 5454 antedictis.
1018 5384 1052 5468 2)
1066 5386 1149 5452 Item
1166 5391 1201 5451 11
1216 5389 1329 5452 eodem
1344 5388 1438 5451 modo
1456 5384 1536 5450 dicit
1552 5389 1586 5450 11
1602 5384 1755 5468 proponit
1770 5383 1857 5450 idem
1873 5383 2035 5465 plebanus

591 5609 617 5660 ι)
637 5603 754 5659 Vorlupe:
768 5603 924 5658 ‚psscbevdt
954 5604 979 5656 b)
998 5594 1061 5648 Uber
1074 5605 1118 5647 der
1133 5603 1206 5648 Zella

436 5796 442 5826 ¹
462 5794 614 5863 Verplotcte
631 5795 683 5848 dos
697 5795 803 5848 mium
815 5794 864 5847 der
876 5793 1020 5862 [1111111111
1037 5794 1172 5849 Urlunde.
