4414 6402
748 322 818 376 1320
836 322 913 390 April
931 322 967 376 30
986 351 1018 364 -
1039 323 1109 378 sebo
1127 322 1184 378 itai
1202 324 1244 379 29.
1599 341 1602 349 ·
1756 327 1822 392 113

159 513 261 582 dictis
293 517 381 596 apud
406 518 602 582 decanatum
626 515 810 598 predictum
833 518 999 584 debebunt
1023 517 1191 602 perpetuis
1214 519 1415 600 temporibus
1438 539 1617 586 remanere.
1665 521 1704 585 In
1729 520 1821 588 cuius

158 621 212 688 rei
242 620 468 688 testimonium
498 627 670 703 presentes
693 622 757 688 sibi
782 623 928 690 dedimus
950 623 1083 690 litteras
1107 624 1244 691 ecclesie
1267 632 1380 691 nostre
1404 625 1503 710 sigilli
1526 626 1701 698 munimine
1724 629 1821 694 robo-

158 735 269 810 ratas,
295 726 425 810 copiam
456 730 631 794 earundem
663 728 842 796 litterarum
873 732 933 796 sub
964 729 1070 814 sigillo
1102 747 1160 796 suo
1191 731 1324 813 proprio
1355 735 1442 814 apud
1474 739 1621 798 nostram
1649 733 1821 799 ecclesiam

159 835 359 902 retinentes.
412 835 481 901 Nos
515 853 642 918 qnoque
673 837 791 928 Petrus
827 835 1014 903 antedictus
1049 836 1083 902 in
1117 837 1377 922 recognicionem
1412 837 1642 921 premissorum
1678 839 1821 922 sigillum

159 948 318 1009 nostrum
341 941 550 1026 presentibus
575 941 724 1008 duximus
748 945 1005 1027 appendendum.
1054 943 1175 1009 Datum
1201 963 1286 1010 anno
1311 944 1434 1011 domini
1453 945 1493 1011 rii.
1517 941 1582 1010 cic.
1600 923 1703 1028 xib·
1724 945 1819 1011 XIII.

159 1050 330 1118 kalendas
352 1047 440 1116 maii.

386 1208 432 1264 Or.
446 1196 534 1278 Ppmt.
570 1209 628 1263 Die
645 1208 733 1280 Siepel
757 1209 804 1263 des
822 1207 919 1275 Stistcs
945 1210 1002 1264 ancl
1027 1210 1073 1266 des
1091 1209 1251 1266 Decbcnten
1275 1212 1383 1282 bdnpcu
1408 1229 1452 1266 cn.
1499 1212 1538 1268 St.
1553 1213 1585 1268 A.
1599 1214 1650 1268 Fr.
1665 1211 1821 1269 Leonborol-

435 1297 497 1364 ats'ti
514 1298 568 1354 No.
582 1303 606 1354 6.

160 1694 259 1772 136.
286 1703 426 1768 Koorad
459 1724 519 1768 oon
542 1702 738 1784 Messeides,
764 1701 904 1784 Psorrer
937 1724 979 1767 au
1005 1701 1278 1784 clarescentem,
1314 1705 1439 1770 schenkl
1473 1709 1556 1769 seiae
1578 1705 1759 1791 Weiaberpe
1787 1710 1822 1771 io

285 1811 492 1876 Schroclbacb
520 1811 588 1875 aad
611 1810 800 1876 Neuenltuin
828 1811 898 1876 dem
922 1809 967 1874 St.
984 1808 1229 1893 Lacobardstift
1256 1833 1298 1874 su
1322 1809 1506 1892 Franlcfurt
1534 1833 1576 1876 aa
1602 1816 1718 1878 sciscam
1740 1814 1821 1880 Seel-

285 1923 385 2003 9erar.
433 1922 520 1983 1320
543 1917 640 2000 April
663 1922 716 1984 so.
1361 1965 1365 1970 .

274 2078 349 2163 Ego
367 2079 536 2145 Corradus
560 2077 669 2144 dictus
692 2080 733 2142 de
748 2073 944 2158 Mazielden,
969 2094 1068 2142 verus
1091 2082 1207 2158 pastor
1223 2076 1360 2142 ecclesie
1376 2076 1593 2159 parrochialis
1609 2078 1644 2144 In
1660 2079 1824 2162 superiori

157 2186 373 2266 Esshebacb,
398 2203 597 2269 recognosco
628 2203 688 2266 per
719 2189 889 2266 presentes
921 2187 953 2248 et
971 2185 997 2268 ji
1015 2185 1055 2248 ad
1088 2180 1243 2250 noticiam
1267 2182 1494 2251 universorum
1518 2184 1612 2265 cupio
1636 2185 1820 2268 pervenire,

158 2295 253 2374 qnod
286 2311 347 2375 ego
370 2291 486 2358 uineas
509 2310 600 2357 meas
624 2291 707 2357 sitas
730 2289 763 2355 in
788 2288 935 2356 terminis
959 2289 1035 2356 ville
1058 2289 1232 2356 Sualbach
1256 2296 1289 2356 et
1313 2291 1404 2357 Nove
1427 2290 1608 2374 indaginis,
1626 2293 1652 2378 ll
1669 2291 1822 2360 videlicet

156 2399 194 2465 in
220 2403 335 2464 monte
359 2397 448 2464 dicto
471 2398 663 2464 Anderhart
686 2396 764 2464 noui
786 2389 917 2478 montis,
942 2396 1029 2462 iusto
1054 2395 1244 2462 donacionis
1268 2395 1365 2463 titulo
1388 2396 1473 2479 dedi,
1499 2397 1620 2464 donavi
1642 2405 1675 2464 et
1699 2398 1824 2464 contuli

157 2505 306 2572 ecclesie
336 2510 451 2570 sancte
474 2501 579 2570 Maris
596 2505 622 2590 l!
641 2523 680 2569 ac
707 2502 798 2569 beati
822 2501 957 2586 Georgii
979 2501 1012 2568 in
1037 2503 1278 2569 Frankenrord
1302 2503 1470 2585 perpetuis
1494 2503 1696 2586 temporibus
1718 2505 1823 2587 possi-

157 2613 304 2694 dendas,
329 2618 368 2676 ut
390 2609 509 2677 ibidem
532 2609 596 2677 mei
618 2608 774 2676 memorio
796 2609 829 2675 in
854 2609 906 2676 die
929 2607 993 2675 mei
1012 2608 1232 2676 anniversarii
1247 2616 1406 2692 perpetuo
1422 2611 1595 2677 habeatur.
1643 2613 1729 2679 Acta
1746 2618 1823 2678 sunt

155 2721 224 2788 hec
258 2718 470 2801 presentibus
503 2716 750 2784 honorabilibus
781 2715 879 2799 viris,
914 2715 970 2798 qui
999 2735 1058 2798 pro
1090 2715 1275 2782 testimonio
1307 2717 1349 2782 ad
1379 2719 1441 2782 hoc
1470 2715 1605 2784 fuerant
1634 2718 1823 2801 specialiter

155 2825 309 2908 evocati,
329 2824 500 2894 uidelicet:
525 2823 681 2908 Nycolao,
708 2823 882 2890 scolastico
899 2822 1035 2890 ecclesie
1052 2829 1167 2890 sancte
1183 2823 1289 2889 Maria
1305 2823 1461 2904 predicte,
1475 2823 1638 2908 Wigando
1655 2825 1821 2908 canonico,

155 2931 345 3002 Frederico
369 2931 494 3000 vicario
518 2931 655 2998 ecclesie
680 2931 833 3008 eiusdem,
859 2932 1012 2998 Johanne
1036 2930 1176 3013 plebano
1201 2933 1240 2996 de
1266 2930 1449 3013 Swalbaoh,
1476 2931 1651 3015 Gyrhardo
1675 2933 1822 3014 dyacono

156 3045 201 3108 de
231 3040 416 3122 Swalbacb,
442 3041 595 3107 Johanne
626 3038 791 3122 armigero
816 3039 978 3105 advocato
1003 3033 1042 3102 de
1068 3036 1252 3120 Swalbach,
1277 3035 1461 3104 Klinzelino
1486 3037 1647 3122 armigero
1672 3037 1758 3104 dicto
1782 3041 1823 3103 de

154 3147 386 3230 Kroninberg,
403 3145 578 3230 Wigando,
603 3145 756 3212 Johanne
787 3151 821 3211 et
844 3145 1017 3212 Gerhardo
1049 3147 1088 3210 de
1112 3143 1296 3211 Swalbacb.
1344 3144 1384 3210 In
1415 3145 1506 3210 cuius
1531 3143 1579 3211 rei
1602 3143 1823 3211 testimonium

155 3257 227 3322 has
258 3261 431 3337 presentes
462 3252 537 3320 dedi
566 3252 698 3318 litteras
727 3250 791 3318 mei
822 3250 931 3335 sygilli
959 3250 1135 3317 munimine
1166 3253 1350 3318 roboratas.
1398 3252 1519 3318 Actum
1543 3258 1577 3317 et
1600 3254 1712 3317 datum
1736 3249 1822 3317 anno

156 3360 291 3428 domini
313 3361 354 3425 rb.
378 3355 444 3426 cci.
466 3339 555 3442 XX,
580 3358 614 3425 in
638 3358 753 3442 vigilia
774 3359 946 3426 beatorum
970 3354 1217 3441 apostolorumb
1240 3356 1393 3442 Phylippi
1416 3363 1450 3424 et
1473 3357 1600 3424 Jacobi.

384 3521 430 3576 Or.
444 3520 532 3590 Ppmt.
571 3518 633 3574 Dos
651 3518 738 3589 serpet
759 3520 982 3590 (auspericbtcter
1000 3520 1083 3574 dee
1100 3520 1138 3572 ior
1156 3519 1324 3589 dreieciipen
1343 3517 1461 3584 Sebllde)
1480 3519 1566 3588 bdupt
1584 3519 1627 3573 ab.
1669 3517 1707 3573 at.
1721 3519 1755 3573 A,
1770 3518 1822 3572 Fr.

435 3607 648 3674 honburdstr'ft
667 3607 719 3664 No.
734 3612 758 3663 5.
1794 3615 1796 3618 '

382 3699 511 3769 Auseup:
528 3698 625 3766 Sacer,
644 3696 766 3766 15115.

157 4093 257 4170 137.
284 4101 482 4183 Erebiscbof
505 4100 679 4206 Peternuorr
701 4101 818 4167 Maius
842 4101 962 4183 deflebit
984 4102 1053 4166 eleut
1075 4099 1204 4166 Koutor
1226 4099 1352 4165 Aruold
1375 4119 1444 4163 uem
1466 4101 1511 4164 St.
1525 4097 1766 4179 herebardstift
1788 4101 1822 4162 iu

282 4208 479 4291 Fructificet,
509 4209 559 4274 die
587 4208 749 4294 Uberpobe
779 4214 950 4293 perconter
976 4207 1076 4272 Giiter
1106 4229 1148 4272 cn
1178 4207 1238 4272 dos
1262 4205 1413 4272 Moinser
1435 4204 1754 4271 Karibc'tuserltloster
1781 4225 1823 4268 ro

283 4316 499 4381 ambulasses.
546 4315 671 4395 Maius,
697 4320 784 4380 1320
808 4315 883 4380 Mai
905 4319 949 4379 24
973 4314 1046 4399 (IX.
1068 4312 1134 4379 kal.
1157 4311 1260 4398 iunii).

383 4473 484 4528 caue:
501 4473 592 4542 nau,
611 4475 690 4528 nae.
705 4473 780 4542 cre,
799 4447 861 4540 ΠΙ,
881 4475 933 4526 ces
951 4473 1023 4542 ura
1041 4489 1076 4527 eu
1095 4474 1165 4527 reas
1183 4472 1256 4527 June
1274 4478 1297 4527 1.

382 4563 497 4634 Rapsa
515 4563 671 4632 Boumann,
690 4563 846 4634 Rbeireqaa,
865 4563 891 4628 I,
910 4565 980 4629 222;
998 4562 1095 4631 Suum,
1114 4559 1155 4630 1⁸,
1176 4565 1229 4616 116
1246 4561 1299 4618 Νο.
1315 4565 1392 4617 1701.

158 4957 259 5035 138.
285 4965 397 5049 Kb'rrip
427 4965 565 5050 Iacdwip
602 4966 746 5050 bestitipt
777 4965 837 5030 cleu
867 4964 1086 5047 Frcolcfurtcr
1116 4964 1269 5049 Biirpera
1298 4965 1359 5030 olle
1386 4963 1517 5042 Rachle,
1549 4963 1728 5027 Freibee'terr
1758 4961 1824 5026 aad

287 5073 536 5154 Gecoobnbeiteo,
560 5074 611 5138 die
634 5073 726 5138 steen
743 5076 827 5140 seins
841 5073 1022 5153 Vorfclrrere
1038 5074 1191 5138 cerliebeo
1206 5073 1316 5137 liabeo.
1363 5069 1558 5152 Frorckfari,
1577 5074 1664 5134 1320
1681 5069 1754 5134 ntae
1769 5073 1822 5134 29.

274 5234 472 5300 Ludowicus
502 5233 555 5300 dei
584 5233 700 5317 gracia
724 5233 945 5299 Romanorum
975 5253 1044 5314 rex,
1077 5253 1204 5315 semper
1236 5239 1406 5316 augustus.
1454 5229 1637 5312 Universis,
1670 5232 1713 5295 ad
1740 5247 1824 5310 quos

158 5350 339 5426 presentes
362 5341 473 5408 littere
497 5340 709 5422 pervenerint
726 5341 752 5427 [l
768 5339 898 5423 imperii
920 5340 1080 5422 fidelibus,
1105 5340 1249 5423 graciam
1275 5359 1366 5405 suam
1391 5344 1424 5405 et
1441 5357 1534 5404 omne
1550 5340 1679 5403 bonum.
1716 5335 1824 5404 Justis

157 5447 352 5532 petencIum
384 5447 554 5514 desideriis
584 5446 677 5531 regie
704 5448 866 5514 serenitas
890 5446 1020 5514 facilem
1045 5448 1182 5529 prebere
1198 5447 1225 5532 ll
1243 5445 1423 5513 consuevit
1447 5445 1606 5528 auditum,
1631 5451 1664 5510 et
1688 5464 1737 5525 ea,
1763 5463 1824 5524 que

157 5576 181 5622 a
202 5555 350 5622 racionis
367 5555 499 5622 tramite
515 5575 580 5622 non
597 5555 797 5638 discrepant,
823 5553 940 5621 effectu
956 5552 1107 5638 gracioso
1124 5559 1351 5636 prosequente,
1377 5553 1593 5637 complellre.⁰
1637 5551 1825 5633 Eapropter

434 5751 460 5804 a)
474 5747 569 5793 Hister
583 5747 627 5792 der
640 5747 789 5793 dobremil
802 5748 837 5790 ist
850 5748 904 5792 eine
917 5747 1008 5791 Rasur.
1036 5748 1060 5802 b)
1076 5746 1116 5791 Or.
1132 5745 1333 5801 ,apostolor-ow.
1361 5747 1384 5800 c)
1399 5743 1447 5798 ,10⁸
1461 5745 1521 5789 older
1535 5743 1624 5788 Rasur.

217 5909 385 5954 mummi
398 5907 596 5954 uremdsnnucn
609 5907 637 5953 m
1668 5894 1701 5950 15
