4426 6404
714 322 785 377 1340
801 320 924 376 Februar
942 320 977 376 23
996 352 1029 361 -
1051 321 1121 375 1340
1138 319 1214 374 libra
1235 319 1276 374 18.
1755 321 1819 388 517

167 521 303 590 ecclesie
326 520 473 604 predicte
497 519 658 587 fabricari
679 520 734 588 vel
754 519 837 587 alias
853 519 887 586 in
903 518 1084 586 utilitatem
1099 518 1235 586 ecclesie
1251 517 1407 602 predicte,
1433 523 1530 601 prout
1546 517 1650 602 magis
1667 520 1820 602 expedire

167 629 394 714 cognoverint,
419 634 612 696 convertere
635 628 781 710 valeant,
806 627 956 713 graciose
980 625 1172 694 indulsimus
1197 632 1230 693 et
1252 625 1462 709 presentibus
1477 625 1591 692 litteris
1605 625 1819 710 indulgemus.

167 737 246 803 Cum
259 736 319 806 ,eis
342 756 469 819 quoque
493 755 593 819 super
617 756 712 820 pena,
737 734 766 802 si
789 755 854 817 qua
876 735 910 801 in
935 741 1144 818 testamento,
1169 732 1329 802 codicillis
1352 732 1406 800 vel
1427 732 1541 799 litteris
1558 731 1721 814 aliquibus
1736 732 1819 812 aliia,

166 851 203 910 ut
234 844 455 929 pretangitur,
487 843 673 926 reperiatur
704 841 859 927 apposita
882 841 936 909 vel
959 842 1099 923 adiecta,
1124 841 1228 908 eciam
1250 841 1434 908 iuramento
1458 840 1595 922 vallata,
1621 841 1821 907 auctoritate

166 959 283 1019 nostra
306 950 474 1018 ordinaria
497 956 611 1017 tenore
635 949 840 1034 presencium
863 949 898 1016 in
921 949 974 1016 dei
996 947 1124 1016 nomine
1148 949 1386 1032 dispensamus,
1411 966 1536 1014 omnem
1560 947 1733 1030 actionem,
1759 968 1821 1031 que

168 1067 285 1126 contra
308 1057 475 1141 predictos
501 1109 533 1124 ..
559 1059 718 1124 decanum
741 1063 786 1124 et'
799 1056 980 1140 capitulum
1005 1062 1063 1122 aut
1087 1056 1271 1140 singulares
1295 1075 1453 1138 personas
1475 1054 1579 1138 ipsius
1602 1055 1740 1122 ecclesie
1763 1076 1822 1138 per

166 1165 423 1248 inquisicionem,
440 1163 667 1232 visitacionem
683 1164 737 1231 vel
753 1163 836 1230 alias
853 1162 1132 1245 qualitercumque
1148 1161 1313 1230 ordinarie
1329 1161 1383 1228 vel
1406 1161 1679 1245 extraordinarie,
1698 1162 1822 1229 directe

166 1274 220 1340 vel
233 1271 395 1340 indirecte
409 1271 524 1338 baberi
536 1270 589 1339 vel
600 1271 782 1338 instaurari
794 1271 1073 1353 qualitercumque
1087 1276 1208 1353 posset,
1226 1287 1430 1336 removemus
1443 1274 1477 1334 et
1488 1267 1551 1335 hiis
1563 1267 1678 1336 litteris
1690 1269 1822 1353 penitus

168 1380 345 1447 abolemus.
391 1379 515 1445 Datum
537 1377 670 1462 Eltevil,
699 1379 790 1444 XVI.
813 1377 975 1445 kalendas
998 1376 1122 1460 marcii,
1154 1396 1240 1443 anno
1264 1375 1386 1442 domini
1408 1376 1448 1442 rh.
1472 1395 1537 1444 cec.
1560 1374 1820 1460 quadragesimo.

382 1519 526 1591 oerum.
545 1519 1124 1591 naaomapamqraasayommme
1135 1519 1297 1588 emmam.
1317 1517 1456 1614 semna.
1475 1515 1821 1584 naofmuemmmm.

168 1893 259 1971 693.
285 1903 354 1969 Der
376 1903 597 1987 Franksmrter
621 1904 751 1990 Bairqer
773 1904 911 1970 Komrcd
934 1925 994 1969 oon
1016 1903 1213 1970 deeasteim
1236 1908 1358 1988 quidlirt
1380 1907 1457 1970 tiber
1479 1909 1545 1970 200
1568 1903 1682 1986 Pseud
1703 1903 1822 1984 Heller,

286 2011 397 2077 welche
419 2013 485 2077 ihm
514 2033 575 2077 oms
597 2013 667 2077 dem
692 2011 777 2077 Zolle
799 2033 840 2076 eu
863 2010 1035 2094 Ebrensels
1064 2010 1129 2093 aas
1147 2012 1244 2077 daea
1272 2033 1341 2078 vom
1363 2011 1560 2094 Erebischos
1580 2011 1733 2076 Heinrich
1764 2031 1824 2076 com

282 2117 406 2183 Maior
419 2119 486 2184 ihm
508 2118 733 2202 cmpfdadeten
755 2139 886 2203 pressea
911 2117 1077 2184 Turmosen
1100 2118 1220 2184 bcaablt
1242 2119 1325 2186 aiod.
1373 2123 1461 2184 1340
1476 2117 1625 2184 Febvmor
1639 2123 1693 2183 23.

274 2259 347 2343 Ego
371 2259 542 2326 Corradus
573 2260 612 2326 de
643 2258 854 2338 Lewinstein,
886 2259 968 2326 civis
994 2259 1298 2343 urancworucnsis,
1330 2259 1538 2343 presentibus
1568 2278 1777 2344 recognosco,
1796 2261 1823 2346 ll

169 2385 218 2431 me
241 2365 373 2433 racione
397 2369 534 2434 duorum
556 2386 754 2452 grossorum,
779 2366 857 2434 mihi
880 2369 1112 2449 deputatorum
1136 2387 1176 2433 ex
1199 2366 1313 2452 gracia
1328 2366 1501 2433 reverendi
1518 2365 1553 2432 in
1571 2365 1700 2433 Christo
1717 2367 1823 2448 patris

170 2491 208 2538 ac
232 2472 355 2539 domini
370 2473 398 2558 ll
415 2472 535 2540 domini
550 2474 604 2556 Η.,
626 2473 817 2558 Maguntine
833 2473 919 2539 sedis
936 2473 1184 2556 archiepiscopi,
1208 2472 1242 2539 in
1259 2472 1410 2540 theloneo
1425 2472 1612 2540 Erenvels¹
1635 2493 1823 2556 permeans

169 2578 354 2663 Dythmari,
372 2580 399 2664 ll
416 2580 587 2663 scriptoris
610 2581 741 2664 ibidem,
766 2583 925 2646 ducentas
948 2580 1051 2646 libras
1074 2580 1268 2646 hallensium
1290 2580 1464 2663 recepisse.
1510 2580 1637 2646 Harum
1655 2581 1714 2646 sub
1730 2580 1824 2647 testi-

170 2684 275 2751 monio
299 2685 488 2757 litterarum.
527 2688 647 2754 Datum
668 2708 754 2754 anno
771 2687 892 2754 domini
914 2687 955 2753 rh.
978 2683 1034 2753 cci
1054 2666 1125 2769 ill,
1150 2687 1296 2754 crastino
1321 2688 1483 2754 kathedra
1506 2686 1607 2753 Petri.

385 2827 431 2884 Or.
442 2829 530 2899 Ppmt.
559 2828 619 2883 Der
630 2827 830 2900 Sicqelatreisem
842 2829 878 2883 ist
891 2829 1053 2900 abusa-issem.
1082 2829 1138 2882 Die
1151 2825 1649 2898 Urkumdeietspdterdurcbstricbea.
1678 2829 1824 2896 Malacam,
1866 2857 1870 2866 ·

436 2917 637 2974 Reichaarclm'o.

383 3006 498 3076 Repetit:
515 3007 612 3074 Seuer,
631 3005 678 3076 13,
695 3010 756 3062 200.

169 3360 261 3440 694.
287 3373 490 3453 Salmaces,
515 3375 661 3457 Scbdffea
683 3375 750 3439 cad
771 3374 858 3440 Ruth
880 3395 923 3438 aa
938 3372 1120 3456 Framtfmt
1143 3374 1354 3453 bemrtumtem,
1377 3374 1456 3440 dass
1483 3372 1677 3454 ,Hennekin
1700 3380 1825 3457 genant

285 3480 388 3562 Rode,
406 3481 576 3564 Elzebeth,
601 3481 652 3548 sin
677 3481 780 3548 eliche
796 3480 925 3562 wirten,
942 3479 1119 3546 Hennekin
1135 3478 1338 3547 Sassinatein
1354 3483 1421 3546 und
1436 3479 1630 3562 Katherina,
1655 3480 1706 3546 sin
1722 3480 1824 3548 eliche

287 3586 416 3670 wirten,
442 3607 522 3655 unse
537 3590 689 3673 burgere,
714 3591 787 3655 dem
803 3607 952 3654 ersamen
969 3607 1086 3654 manne
1102 3588 1184 3654 bern
1200 3585 1407 3668 Berehtolde,
1433 3605 1524 3670 cyme
1541 3593 1701 3671 prystere,
1722 3588 1826 3653 Hart-

285 3693 392 3760 mudis
415 3713 495 3761 sone
518 3714 559 3761 zu
582 3696 804 3779 Sonenberg“,
828 3694 965 3760 3Morlr
995 3700 1016 3759 4
1038 3695 1211 3780 Sebitlimqe
1232 3695 1357 3760 teicbter
1380 3693 1536 3780 Pfcmmiqe
1558 3698 1677 3780 cwiqem
1701 3695 1823 3775 Zlmses,

279 3801 316 3880 je
344 3802 394 3867 die
416 3801 516 3868 Mart
538 3803 597 3886 fiir
627 3807 671 3868 18
692 3802 802 3882 Mart,
839 3799 894 3886 ,uf
917 3804 990 3868 dem
1012 3801 1093 3867 buse
1117 3803 1183 3866 und
1206 3819 1341 3885 gesezse
1366 3852 1425 3866 ...
1449 3820 1489 3866 zu
1514 3801 1571 3867 der
1594 3798 1825 3868 Somerwhnne

285 3909 330 3990 by
360 3910 423 3975 den
446 3906 630 3976 Bariuzsen
661 3929 703 3976 an
734 3912 792 3975 der
822 3910 926 3975 echen
955 3928 996 3975 zu
1026 3909 1085 3975 der
1114 3909 1217 3990 syten'
1241 3906 1298 3973 des
1321 3907 1438 3973 Roden
1461 3907 1615 3989 Lewen“,
1646 3909 1743 3993 [dlliq
1772 3929 1826 3972 cm

285 4019 338 4079 11.
356 4015 539 4096 November,
562 4017 709 4098 oerkumft
731 4018 841 4083 buhen.
879 4015 952 4082 Dos
967 4016 1063 4082 Hauc
1087 4020 1128 4080 ist
1151 4016 1262 4080 verber
1284 4019 1340 4079 mit
1363 4020 1409 4080 12
1424 4015 1518 4080 Moris
1542 4014 1621 4080 Zims
1649 4017 1824 4084 besclwert.

285 4127 374 4186 1340
389 4123 487 4190 Matre
503 4130 546 4190 10
568 4121 667 4210 (feria
690 4128 786 4190 sexte
809 4130 887 4190 ante
911 4121 1064 4207 Gregorii
1087 4121 1195 4207 pape).

387 4263 433 4318 Or.
453 4264 541 4336 Ppmt.
565 4265 616 4319 mit
640 4265 846 4336 calednpendem
870 4266 1041 4320 Bambotum
1068 4265 1114 4320 dea
1140 4264 1316 4332 Slcdtaiepels
1342 4266 1393 4329 (2).
1442 4263 1542 4318 Archiv
1569 4263 1617 4317 der
1641 4263 1826 4318 tatholiaclren

438 4351 583 4408 θιιιιίιιάι
600 4353 638 4408 im
657 4353 961 4410 Demtcclaordmabeuse
978 4372 1014 4410 em
1032 4353 1260 4408 Sacbemrbmeaem.

169 4709 261 4788 695.
286 4717 356 4784 Der
379 4717 597 4803 Franksmter
621 4720 913 4804 Propstei-Officicl
943 4721 1133 4786 bemrlcundet
1162 4721 1222 4786 olem
1246 4721 1391 4786 Vereicbt
1419 4721 1473 4786 des
1501 4719 1667 4785 Hcmmelm'm
1688 4719 1827 4785 Nubeler

285 4826 351 4909 aas
369 4827 430 4892 alle
445 4828 633 4910 Amsprc'icbe
656 4850 700 4894 aa
714 4828 978 4914 Lieqemscbaftem
999 4851 1041 4893 mc
1056 4829 1318 4894 Sactsmoamm
1339 4850 1380 4893 mc
1398 4827 1541 4893 Gmcslcm
1557 4828 1612 4892 dec
1627 4828 1672 4893 St.
1687 4826 1825 4893 Barcha

286 4935 539 5018 lomoeusste'ftes.
586 4936 857 5004 1340Mdr218.

279 5077 478 5146 ..Officialis
494 5077 700 5161 prepositure
712 5078 1036 5162 Frankenfordemsia.
1060 5077 1101 5143 In
1118 5096 1229 5160 causa,
1247 5095 1344 5157 quam
1360 5075 1567 5142 honorabiles
1582 5075 1647 5144 viri
1663 5075 1783 5142 domini
1797 5129 1823 5146 ..

170 5187 315 5252 decanus
331 5190 365 5251 et
382 5235 388 5248 .
408 5239 414 5251 .
440 5184 618 5268 capitulum
642 5183 778 5252 ecclesie
795 5183 904 5250 sancti
919 5183 1143 5250 Bartholomei
1157 5183 1306 5268 ibilldem
1323 5189 1441 5248 contra
1454 5182 1687 5249 Hennekinum
1703 5183 1826 5250 dictum

169 5290 331 5358 Nbbelere
361 5291 557 5373 sellatorem,
589 5291 764 5374 opidanum
787 5291 1131 5374 Frankemfomlemsem,
1163 5292 1448 5373 prosequebantur
1478 5309 1535 5356 sen
1559 5289 1725 5373 prosecuti
1749 5296 1826 5356 sunt

169 5400 360 5484 heclltenus
388 5397 423 5464 in
446 5397 566 5464 iudicio
591 5418 702 5465 coram
725 5397 828 5479 nobis,
860 5397 945 5465 idem
968 5397 1141 5464 Henkinus
1165 5416 1223 5478 pro
1247 5417 1283 5463 se
1307 5403 1341 5463 ιι
1365 5397 1433 5464 suis
1456 5397 1632 5464 heredibus
1656 5397 1826 5478 utriusque

171 5525 269 5573 sexus
292 5504 501 5574 renunciavit
523 5511 557 5572 et
579 5505 782 5592 refluunciat
805 5504 933 5588 publice
957 5512 991 5572 et
1014 5523 1168 5587 expresse
1192 5503 1279 5570 omni
1298 5503 1372 5586 iuri,
1398 5506 1482 5586 quod
1499 5503 1562 5570 sibi
1577 5523 1617 5570 ex
1633 5523 1826 5586 quacumque

172 5632 274 5680 causa
296 5631 398 5693 usque
427 5593 462 5678 in
485 5611 676 5680 hodiernum
705 5613 791 5680 diem
821 5632 920 5695 super
943 5631 1022 5680 aree
1046 5610 1225 5694 questionis
1248 5611 1283 5676 in
1310 5610 1390 5678 villa
1414 5611 1649 5694 Sassenhusen,
1681 5610 1826 5677 estuario

439 5837 464 5886 ι)
478 5832 519 5878 Or.
534 5832 671 5888 ,liranum
