4416 6414
358 355 401 418 24
1051 353 1122 408 1315
1140 353 1257 409 October
1275 355 1317 409 24.

357 569 474 616 novem
501 567 685 615 marearum
715 550 922 616 denariorum
951 549 1192 616 Coloniensr'nm
1219 551 1364 631 estimat,
1394 571 1477 632 quas
1504 559 1640 633 propter
1667 553 1728 618 hcc
1751 549 1842 634 iecit,
1868 551 1930 618 sibi
1953 571 2013 634 per

357 661 503 722 vestram
528 655 724 722 sententiam
747 656 980 738 condempnari
1003 663 1037 722 et
1056 660 1098 722 ad
1114 656 1260 738 ipsarum
1284 657 1478 724 solucionem
1499 659 1529 724 ei
1545 657 1730 725 faciendam
1750 657 1866 740 previa
1883 657 2011 724 ratione

357 779 414 828 eos
437 762 586 844 compelli
610 763 768 844 deposcit.
804 766 838 849 6)
855 762 940 829 Item
963 771 998 830 et
1018 767 1131 830 eodem
1151 767 1245 830 modo
1264 763 1344 830 dicit
1360 771 1393 831 et
1409 765 1563 848 proponit
1580 764 1651 848 ipse
1668 765 1827 848 plebanus
1844 771 1961 830 contra
1978 817 1984 829 .
2004 818 2010 828 .

357 870 516 935 decanum
545 875 579 934 et
607 869 786 951 capitulum
815 877 1022 952 memoratos
1052 873 1137 952 quod
1162 871 1240 937 licet
1263 871 1463 940 venerabilis
1488 880 1584 954 pater
1608 872 1756 938 dominns
1774 924 1807 936 ..
1833 871 2013 953 archiepis-

357 994 458 1057 copus
479 975 694 1060 Magantinrrs·
713 977 922 1044 mandaverit
941 977 1193 1058 ordinacionem,
1217 983 1315 1060 prout
1335 978 1432 1060 iacet,
1456 998 1559 1060 usque
1577 983 1618 1045 ad
1635 977 1757 1045 festum
1774 978 1863 1044 beati
1880 980 2011 1045 Andree

357 1101 417 1164 per
444 1088 557 1164 partes
585 1081 678 1164 ipsas
705 1082 842 1150 firmiter
871 1083 1042 1150 observari
1069 1083 1217 1165 idemque
1247 1083 1407 1165 plebanus
1435 1085 1540 1166 ipsam
1569 1085 1754 1153 servaverit
1782 1093 1816 1150 et
1844 1085 2012 1168 peridem

357 1196 487 1271 tempus
508 1208 643 1256 servare
664 1197 838 1272 proponat,
861 1196 972 1257 tamen
992 1193 1136 1257 decanus
1156 1197 1189 1256 et
1205 1190 1383 1273 capitulum
1399 1192 1433 1258 id
1448 1190 1561 1258 iacere
1577 1173 1809 1258 contradicunt
1824 1191 2013 1274 specialiter

356 1294 390 1362 in
419 1315 467 1378 ec,
497 1298 582 1376 quod
609 1297 808 1379 oblaciones,
838 1316 901 1378 que
930 1296 1158 1364 sacerdotibus
1182 1297 1365 1381 peregrinis
1389 1298 1526 1366 advenis
1550 1305 1584 1364 et
1607 1298 1757 1382 ignotis*
1780 1297 1814 1364 in
1837 1298 2014 1380 parrochia

357 1401 601 1468 celebrantibus
636 1401 826 1484 offeruntur,
863 1402 926 1469 sibi
961 1406 1138 1469 secundnm
1174 1403 1318 1470 ciusdem
1353 1403 1572 1470 ordinationis
1609 1411 1756 1470 tenorem
1788 1424 1853 1471 non
1885 1401 2013 1470 iaciunt

357 1508 554 1590 presentari,
580 1527 680 1590 super
704 1528 766 1590 quo
791 1509 853 1576 sibi
878 1509 963 1592 petit
986 1529 1045 1592 per
1068 1529 1127 1576 vos
1150 1509 1315 1578 iusticiam
1339 1511 1495 1578 exbiberi.
1537 1510 1705 1578 Premissa
1727 1511 1883 1594 proponit
1905 1511 2013 1578 dictus

358 1614 518 1697 plebanus
546 1622 580 1681 et
608 1615 693 1698 petit
724 1615 817 1683 salvo
848 1617 918 1683 iure
950 1615 1135 1696 adiiciendi,
1160 1617 1335 1700 minuendi,
1361 1618 1518 1698 mutandi,
1544 1617 1739 1702 corrigendi,
1765 1618 1956 1684 declarandi
1980 1627 2015 1685 et

357 1722 442 1788 omni
472 1721 543 1788 iure
574 1727 606 1787 et
638 1725 742 1803 modo,
775 1722 893 1804 quibus
924 1722 1039 1788 melius
1068 1728 1179 1804 potest
1206 1729 1241 1788 et
1268 1726 1375 1804 debet,
1406 1745 1466 1790 nec
1495 1724 1653 1808 astringit
1679 1744 1715 1790 se
1740 1727 1782 1790 ad
1809 1726 2013 1806 probandum

357 1827 475 1910 omnia,
506 1831 563 1894 sed
589 1831 631 1894 ad
663 1849 703 1894 ea
726 1829 839 1912 solum,
866 1848 928 1910 qne
952 1829 1015 1895 sibi
1038 1829 1185 1896 sufficere
1209 1837 1366 1912 poterunt
1389 1835 1430 1897 ad
1455 1831 1630 1899 victoriam
1654 1851 1754 1898 cause
1774 1846 1836 1898 'sne
1859 1833 1912 1899 vel
1937 1852 2013 1900 cau-

357 1955 496 2022 sarum„
524 1936 736 2002 Protestatur
764 1935 867 2002 eciam
896 1939 936 2002 de
965 1935 1117 2017 expensis
1145 1935 1179 2002 in
1204 1935 1262 2002 lite
1286 1937 1339 2004 vel
1362 1937 1475 2004 litibus
1499 1937 1599 2005 lactis
1623 1946 1657 2004 et
1680 1923 1817 2006 inantea
1840 1937 2012 2006 iaciendis.

357 2043 445 2109 Date
468 2049 502 2108 et
525 2043 636 2109 oblate
660 2049 738 2108 snnt
759 2042 825 2108 iste
849 2039 1028 2125 petitiones
1053 2062 1138 2108 anno
1163 2042 1284 2110 domini
1307 2045 1347 2109 rir.
1374 2043 1440 2111 cde.
1470 2045 1543 2111 XV.

569 2185 635 2250 Auf
660 2185 744 2239 circem
776 2185 946 2256 cnqercdlrtec
978 2185 1255 2255 Pergamentatrcisen
1291 2187 1413 2255 bestrrden
1442 2189 1499 2242 sr'cb
1525 2187 1687 2254 juristtsclre
1718 2190 1938 2257 Arrsfttbrunyen
1968 2189 2014 2243 dea

623 2275 756 2341 Psarrers
779 2281 860 2328 crater
878 2276 1026 2346 Berafung
1050 2277 1107 2342 aus
1124 2275 1341 2330 acccersunt
1364 2277 1411 2330 des
1433 2277 1615 2332 baroniscben
1635 2277 1754 2331 Rccbtes.
1797 2277 1857 2332 Von
1879 2279 2014 2335 muden-

622 2365 717 2418 lr'cbem
741 2364 850 2418 Wertbe
867 2365 932 2418 atad
949 2382 1004 2418 aar
1022 2365 1147 2436 sclpcndc
1167 2366 1264 2420 Sdtre:
1284 2365 1370 2433 „ltem
1391 2365 1523 2434 plebanus
1542 2366 1660 2435 singulis
1679 2367 1759 2420 annis
1772 2383 1789 2420 a
1802 2365 1923 2434 qnalibet
1937 2368 2015 2424 demo

623 2467 673 2508 sue
697 2451 838 2520 parrochie
864 2451 949 2507 babet
974 2457 1003 2507 et
1021 2455 1119 2521 recipit
1143 2470 1228 2508 anum
1252 2453 1393 2508 denarium
1419 2455 1447 2510 in
1469 2455 1578 2524 signnm
1600 2453 1713 2508 dominii
1731 2454 1858 2522 specialis
1899 2455 2014 2526 Insuper

623 2542 770 2596 dominc..
797 2542 936 2611 preposito
962 2543 990 2597 in
1016 2543 1109 2597 eadem
1134 2541 1279 2612 parrochia
1304 2543 1429 2597 sinodum
1455 2543 1611 2598 celebrante
1636 2542 1769 2611 plebanus
1792 2557 1853 2598 cnm
1875 2547 2013 2614 preposito

623 2630 783 2698 condividit,
807 2646 858 2698 qus
881 2632 988 2704 radone
1007 2631 1228 2686 satislactionurn
1247 2633 1307 2687 dari
1326 2636 1535 2687 consueverunt.
1572 2631 1642 2686 ltem
1661 2633 1747 2688 eciam
1764 2631 1897 2701 plebanus
1916 2635 2014 2704 recipit

624 2725 653 2774 et
681 2719 815 2774 hactenns
839 2719 959 2788 recipere
985 2721 1129 2776 consuevit
1152 2720 1289 2776 inperalia
1314 2725 1343 2776 at
1365 2721 1525 2776 canonicam
1547 2721 1700 2789 portionem
1724 2722 1759 2775 ab
1784 2720 1845 2790 hiis,
1864 2723 1910 2791 qni
1933 2729 2014 2779 extra

621 2807 791 2878 parrochiam
815 2816 844 2863 et
867 2823 950 2876 penes
973 2799 1075 2864 iratres
1099 2809 1290 2864 Predicatores
1314 2811 1372 2864 sive
1394 2809 1514 2864 llincres
1539 2809 1655 2879 elegnnt
1675 2810 1794 2878 sepeliri,
1816 2817 1845 2866 et
1865 2812 1899 2867 de
1919 2811 2013 2869 buius-

623 2899 695 2952 mcdi
714 2914 744 2954 se
761 2913 816 2952 non
835 2898 1035 2965 intromittunt,
1056 2898 1127 2954 sicut
1145 2913 1232 2967 neque
1250 2909 1373 2967 possunt,
1394 2899 1514 2953 decenne
1533 2907 1561 2954 et
1579 2899 1731 2968 capitulum
1750 2901 1892 2956 antedicti.

570 3007 800 3078 Ppmt.·1tctcrlus,
819 3023 870 3060 arra
889 3007 955 3060 arcet
973 3007 1277 3076 aneiacnderpendtrten
1290 3007 1418 3060 Bldtterrr
1438 3006 1583 3061 tendent
1609 3007 1799 3076 Glachretttpe
1811 3009 2015 3076 Ntcdcmlrrift

624 3098 691 3150 eltae
710 3096 920 3166 Bcplcrrbiprrrrp
938 3096 997 3149 aad
1015 3095 1201 3164 Bestegetunp.

570 3185 610 3240 Sc.
624 3186 658 3239 A.
673 3185 724 3240 Fr.
763 3184 862 3239 Bartb.
876 3183 915 3238 St.
933 3183 984 3238 Nc.
999 3187 1059 3238 380,

356 3471 421 3546 34.
447 3479 510 3545 Dte
521 3477 766 3546 Scttedsrr‘cbter
782 3484 815 3544 tn
831 3480 901 3544 decc
913 3481 1023 3545 Strer'te
1038 3480 1093 3545 ries
1109 3479 1330 3562 Frnnlffnrter·
1342 3480 1697 3562 Bortlrclcnrcerrsstifts
1713 3483 1770 3544 rrrr't
1785 3481 1854 3546 clem
1868 3482 2013 3568 dortipea

448 3586 586 3670 Pforrer
615 3586 776 3670 Stcpfried
805 3590 1038 3652 transscribere
1067 3589 1118 3652 dte
1142 3587 1287 3652 Antenori
1317 3589 1371 3653 des
1401 3591 1514 3672 Stiftcs
1542 3589 1606 3670 orcf
1630 3592 1697 3653 cirre
1713 3587 1938 3673 chqescbrtft
1958 3591 2013 3655 des

448 3693 613 3776 Pfarrers.
661 3697 748 3758 1315
775 3695 905 3761 October
927 3699 980 3758 24.

469 3835 670 3901 Scelesticus
700 3840 734 3901 et
765 3842 881 3902 cantor
911 3843 1026 3902 sancte
1055 3836 1159 3903 Marte
1190 3839 1232 3903 ad
1263 3839 1405 3918 Gradus,
1438 3837 1650 3905 ecclesiarum
1674 3838 1953 3922 Moguntincrum,
1978 3846 2012 3906 et

355 3941 515 4026 magister
537 3943 747 4010 Hermannus
771 3946 811 4009 de
830 3943 1065 4028 Eschenwege‚
1088 3944 1266 4010 canonicus
1287 3945 1423 4011 ecclesie
1445 3946 1691 4026 Northusensis,
1713 3945 1833 4011 arbitri
1849 3965 1907 4012 seu
1924 3947 2011 4013 arbi-

357 4055 501 4115 tratores
521 4048 556 4115 in
576 4049 686 4116 causis
706 4069 763 4116 seu
785 4051 1028 4133 controversiis
1052 4071 1114 4132 que
1135 4050 1222 4117 inter
1243 4053 1402 4117 decanum
1421 4058 1455 4117 et
1472 4050 1651 4134 capitulum
1668 4051 1804 4119 ecclesie
1820 4053 2011 4120 Francken-

356 4159 519 4222 verdensis
546 4177 586 4222 ex
614 4175 681 4223 una
708 4163 742 4223 et
770 4156 964 4241 magistrum
995 4155 1151 4224 Siiridum
1179 4158 1353 4240 plebanum
1382 4177 1421 4224 ex
1450 4165 1547 4242 parte
1571 4160 1681 4226 altera
1704 4166 1890 4240 vertuntur,
1915 4159 2012 4226 electi

357 4271 391 4330 et
419 4263 579 4346 deputati.
626 4265 749 4331 Datum
777 4285 836 4348 per
865 4265 1009 4347 copiam:
1036 4269 1087 4331 Ad
1111 4285 1161 4344 ea,
1188 4284 1250 4346 que
1274 4265 1432 4349 magister
1461 4265 1612 4346 Sitridus,
1638 4266 1799 4348 plebanus
1822 4267 2012 4333 Francken-

356 4371 530 4451 vardensis,
556 4391 667 4438 coram
690 4370 785 4438 vobis
808 4372 1056 4439 honorabilibus
1081 4371 1219 4438 dominis
1243 4372 1429 4455 scolastico,
1456 4380 1591 4440 cantore
1616 4373 1754 4440 ecclesie
1774 4381 1888 4440 sancte
1905 4374 2010 4441 Maria

357 4479 399 4543 ad
428 4479 561 4544 Gradus
589 4477 792 4562 Mogantine,
821 4498 861 4544 ae
884 4479 1043 4563 magistro
1067 4480 1257 4546 Hermanno
1281 4482 1321 4546 de
1344 4479 1573 4565 Eschinwege,
1598 4481 1756 4546 canonico
1780 4482 2009 4563 Nortbnsenst

357 4583 502 4666 arbitrie,
521 4585 776 4652 arbitratoribus
797 4585 867 4654 sive
884 4586 1111 4654 amicabilibus
1131 4587 1401 4668 compositoribus
1422 4588 1463 4654 ab
1484 4588 1565 4670 ipsis
1583 4587 1733 4670 partibus
1750 4587 1875 4670 electis,
1894 4595 2011 4655 eontra

356 4695 516 4758 decanum
540 4698 573 4758 et
597 4691 787 4773 capitulum,
812 4713 938 4760 necnon
962 4694 1104 4760 vicarios
1129 4702 1163 4760 et
1186 4693 1292 4760 socios
1317 4694 1453 4761 ecclesie
1468 4685 1806 4762 Franckrrrccrdccsts
1828 4695 2009 4778 proposuit,

244 4865 246 4870 ,
357 4820 397 4866 ex
420 4807 517 4883 parte
542 4805 716 4868 eorundem
740 4800 857 4868 decani
881 4807 915 4867 et
938 4801 1075 4884 capituli
1097 4801 1244 4868 breviter
1267 4805 1500 4884 respondetur:
1530 4801 1741 4886 perprimo
1765 4805 1807 4868 ad
1830 4804 1900 4886 boo,
1924 4807 2009 4886 qnod

356 4907 519 4990 proponit,
550 4911 636 4989 quod
664 4907 735 4990 ipse
764 4910 907 4974 decenus
936 4914 970 4973 et
998 4907 1177 4989 capitulum
1206 4929 1245 4976 ac
1273 4909 1353 4976 sccii
1381 4909 1487 4992 ipsum
1516 4910 1690 4991 plebanum
1716 4910 1906 4992 impediant,
1932 4931 2011 4992 quo

356 5013 463 5081 minus
493 5034 605 5081 curam
636 5021 669 5082 et
693 5015 839 5099 regimen
862 5014 966 5098 ipsius
989 5015 1161 5096 parrochie
1185 5017 1287 5083 libere
1311 5037 1427 5100 gerere
1444 5017 1565 5100 valcat,
1591 5019 1808 5099 respondetur
1825 5023 1859 5084 et
1876 5017 2008 5098 dicitnr,

357 5120 442 5203 qnod
470 5120 567 5188 iidem
595 5125 739 5188 decanus
768 5130 801 5189 et
830 5123 1019 5205 capitulum,
1049 5143 1176 5189 necnon
1205 5124 1285 5190 socii
1312 5125 1418 5207 ipsum
1448 5125 1622 5206 plebanum
1645 5144 1710 5191 non
1733 5125 1924 5208 impediunt,
1949 5145 2011 5193 nec

357 5231 565 5311 perturbant,
591 5229 761 5310 quominus
784 5229 890 5312 ipsam
914 5230 1132 5312 parrochiam,
1159 5239 1257 5312 prout
1277 5232 1341 5299 sibi
1362 5239 1413 5298 est
1434 5232 1638 5299 commissum
1658 5239 1692 5299 et
1713 5239 1846 5299 tenetur
1862 5238 1896 5299 et
1912 5241 2011 5316 prout

356 5335 498 5418 plebani,
520 5335 578 5418 qui
598 5334 733 5402 fuerunt
753 5356 812 5419 pro
833 5346 989 5419 tempore,
1011 5355 1127 5421 regere
1149 5345 1182 5404 et
1202 5339 1388 5422 gubernare
1404 5346 1655 5420 consueverunt,
1673 5347 1770 5423 regat
1787 5346 1820 5406 et
1835 5341 2009 5424 gubernet,

357 5447 414 5511 sed
442 5444 540 5510 iidem
564 5445 709 5511 decanus
734 5452 768 5510 et
791 5445 971 5527 capitulum
995 5465 1121 5512 necnon
1145 5445 1225 5513 socii
1248 5452 1387 5512 utuntur
1410 5445 1444 5512 in
1468 5447 1567 5512 rebus
1590 5446 1624 5512 in
1648 5445 1810 5528 peticione
1834 5449 2010 5514 eorundem

357 5571 467 5618 coram
491 5551 584 5620 vobis
613 5552 760 5618 exhibita
788 5560 821 5618 et
851 5559 1004 5635 porrecta
1032 5553 1160 5635 plenius
1186 5553 1366 5634 declarata,
1391 5553 1424 5618 in
1449 5572 1584 5634 quorum
1608 5552 1814 5635 possessione
1838 5553 1891 5620 vel
1914 5555 2011 5635 qnasi

356 5666 435 5725 sunt
459 5665 493 5725 et
516 5658 696 5726 tuemmta
719 5666 875 5743 tempore,
901 5658 993 5726 cuius
1016 5661 1172 5727 memoria
1194 5680 1259 5727 non
1283 5659 1406 5741 existit,
1432 5666 1466 5726 et
1489 5679 1551 5741 qne
1575 5662 1618 5726 ad
1639 5679 1694 5726 eos
1710 5662 1749 5726 de
1765 5659 1836 5727 iure
1855 5654 2011 5744 spectant

623 5853 648 5908 ι)
665 5852 781 5907 Vorluge:
795 5853 940 5907 ,ingnotls‘t
