4414 6402
408 339 472 404 130
1062 320 1068 329 '
1128 335 1196 391 teat
1216 334 1273 391 nn
1290 334 1332 392 ao.
1363 323 1368 334 ’
1456 318 1461 332 “

406 523 494 598 inte'r
524 531 617 598 vivos
642 531 812 614 sollempni
835 529 1051 612 stipulacione
1074 529 1272 613 interposita
1295 527 1503 612 presentibus
1526 530 1560 597 in
1584 530 1648 597 biis
1672 529 1806 614 ascripti
1829 528 1974 597 ecclesie·
1990 547 2058 596 mee

406 633 881 719 Frankenfordensi‘predicte
905 655 1004 718 super
1027 635 1263 718 proprietatem
1286 633 1381 702 fundi
1405 621 1527 718 domus,
1553 655 1650 717 quarn
1674 639 1836 718 qnondam
1860 623 2058 703 Gnlmannns

407 749 484 809 ante
509 749 641 824 pontem
659 741 886 809 Sassenhusen
908 741 1121 808 inhabitabat
1144 746 1178 808 et
1200 759 1287 808 nunc
1304 741 1524 810 Gotschalcns
1548 741 1690 825 armiger
1707 761 1779 808 cum
1795 741 1933 824 Gudela,
1958 742 2058 807 niara

407 867 469 914 sua
491 847 648 944 legitima,
673 847 790 913 relicta
802 847 889 914 ‘olim
906 845 1077 914 Cdlmanni
1100 847 1253 929 predicti,
1278 845 1453 930 irrhabitat,
1479 854 1513 914 et
1529 850 1642 914 domus
1658 846 1784 914 fabrice
1801 847 1954 931 contigue
1969 845 2059 913 curie

408 959 442 1019 et
466 953 603 1020 aliarum
634 955 800 1020 domorum
825 953 967 1019 omnium
991 952 1206 1020 attinentium
1229 965 1262 1020 et
1286 953 1511 1020 adjacencium
1533 953 1653 1037 viginti
1676 951 1798 1020 solidos
1821 953 2060 1020 coloniensium

408 1059 624 1142 denariorum,
650 1059 756 1125 tribus
773 1058 988 1126 ‘heliensibus
1017 1078 1076 1142 pro
1108 1059 1242 1126 denario
1273 1059 1419 1142 quolibet
1450 1049 1689 1142 computandis,
1714 1057 1817 1125 annui
1847 1065 1881 1125 et
1910 1059 2060 1142 perpetui
2149 1135 2153 1144 ¹

408 1149 525 1231 census
549 1165 644 1232 annis
668 1165 808 1249 singulis
830 1165 864 1231 in
878 1163 973 1231 iesto
998 1164 1089 1231 beati
1110 1165 1249 1232 Martini
1271 1165 1514 1248 persolvendos.
1561 1165 1646 1232 Item
1668 1163 1779 1249 legavi
1801 1171 1837 1230 ot
1858 1154 1942 1249 lego,
1966 1165 2059 1231 modo

409 1290 471 1352 quo
496 1290 606 1354 supra,
632 1270 761 1354 prelata
792 1290 862 1337 mee
893 1270 1029 1336 ecclesie
1059 1289 1158 1353 super
1187 1290 1287 1337 unum
1316 1289 1465 1338 mansum
1495 1276 1529 1337 et
1559 1270 1728 1337 dimidium
1754 1269 1788 1336 in
1812 1255 1962 1337 terminis
1985 1269 2060 1336 ville

410 1376 574 1444 Grbnows
598 1378 689 1460 sitos,
716 1397 796 1458 quos
818 1397 892 1444 mea
915 1377 1051 1459 propria
1075 1377 1216 1460 pecunia
1240 1377 1428 1459 comparavi
1452 1397 1532 1460 erga
1555 1377 1792 1461 Hildeburgam
1816 1383 1851 1444 et
1865 1377 2059 1456 Johannem,

409 1503 502 1550 suum
532 1484 684 1550 maritum
718 1484 841 1550 dictum
871 1487 911 1550 de
940 1483 1142 1565 Kaldebach‚
1175 1483 1335 1565 opidanos
1365 1482 1706 1566 Frankenfordenses,
1740 1483 1909 1550 duodecim
1940 1483 2061 1549 octalia

409 1589 550 1673 siliginis
579 1610 730 1656 mensure
754 1589 1079 1656 Frankenlordensis
1110 1608 1218 1656 annue
1249 1597 1283 1656 et
1313 1598 1472 1673 perpetue
1503 1589 1670 1673 pensionis
1694 1589 1789 1656 annis
1813 1589 1951 1674 singulis
1973 1588 2062 1655 inira

409 1695 497 1762 festa
528 1699 591 1762 duo
623 1696 860 1778 assumptionis
892 1703 925 1762 et
955 1695 1144 1762 nativitatis
1166 1696 1273 1763 Maria
1296 1695 1434 1780 virginis
1458 1697 1599 1781 gloriose
1622 1696 1656 1762 in
1680 1715 1805 1764 omnem
1829 1700 2007 1763 eventum·
2031 1702 2063 1762 et

410 1811 487 1868 ante
512 1803 620 1869 omnia
643 1803 790 1885 predicte
813 1823 883 1869 mee
907 1803 1043 1870 ecclesie
1059 1805 1183 1884 absque
1198 1802 1303 1884 ipsius
1319 1803 1455 1870 ecclesie
1471 1803 1655 1885 sumptibus
1671 1811 1705 1869 et
1720 1801 1875 1886 periculis
1890 1803 2065 1868 Franken·

409 1908 482 1975 iord
517 1929 616 1992 snper
647 1909 837 1994 granarium
868 1909 1011 1976 eiusdem
1042 1909 1179 1976 ecclesie
1209 1909 1418 1994 integraliter
1448 1918 1481 1975 et
1512 1910 1615 1977 libere
1645 1910 1873 1993 persolvenda,
1898 1909 2063 1992 predictos

410 2013 564 2082 denarios
588 2023 621 2082 et
644 2015 768 2082 octalia
792 2014 932 2099 siliginis
951 2014 1099 2096 personis
1115 2015 1219 2099 ipsius
1235 2015 1381 2098 ecclesie,
1407 2016 1573 2083 canonicis
1589 2023 1624 2084 et
1639 2015 1783 2098 vicariis,
1809 2036 1867 2099 pro
1885 2013 2063 2099 presencirs

410 2123 570 2204 equaliter
594 2122 798 2204 dividendos,
822 2129 860 2188 ut
883 2141 974 2188 meus
998 2122 1244 2189 anniversarius
1268 2123 1336 2189 dies
1360 2123 1393 2188 in
1418 2125 1530 2190 eadem
1554 2129 1713 2208 perpetuo
1737 2119 1947 2206 peragatur.b
1990 2121 2063 2188 Misi

411 2229 514 2294 eciam
545 2236 579 2294 et
609 2229 703 2296 mitto
727 2226 892 2310 prefatam
916 2248 1020 2294 meam
1045 2229 1216 2296 ecclesiam
1240 2249 1299 2312 per
1322 2236 1493 2310 presentes
1516 2230 1550 2296 in
1575 2229 1813 2313 possessionem
1837 2229 2008 2313 pacificam
2032 2237 2064 2295 et

394 2336 555 2428 ¹[putatam
587 2336 808 2418 predictorum
838 2335 958 2418 viginti
989 2336 1165 2403 solidorum
1189 2335 1430 2404 Coloniensinm
1460 2344 1495 2402 et
1525 2337 1877 2404 duodecimoctalium
1907 2335 2063 2420 siliginis;

411 2443 609 2508 renuncians
640 2442 728 2508 omni
756 2441 830 2524 iuri,
856 2450 992 2522 excepto
1023 2461 1072 2524 eo,
1098 2443 1184 2523 quod
1214 2441 1320 2508 anime
1350 2461 1419 2508 mee
1450 2442 1611 2538 congruit,
1637 2445 1723 2526 quod
1745 2442 1843 2510 michi
1865 2442 1899 2534 in
1924 2439 2064 2524 prefatis
2186 2453 2187 2470 ¹

412 2568 511 2614 censu
535 2556 569 2614 et
592 2549 753 2615 octalibus
778 2549 994 2630 competebat,
1020 2547 1211 2630 simpliciter
1227 2555 1260 2614 et
1277 2547 1412 2630 precise.
1460 2551 1673 2632 Recognosce
1689 2548 1833 2633 insuper,
1858 2552 1944 2631 qnod
1960 2568 2063 2615 omne.

373 2638 376 2646 “
412 2660 496 2736 quod
522 2661 674 2738 superest
697 2654 837 2738 prelatis
862 2654 1030 2720 duodecim
1047 2654 1209 2721 octalibus
1226 2661 1259 2720 et
1275 2655 1492 2738 superhaberi
1508 2655 1639 2738 poterit,
1665 2656 1776 2740 legavi
1790 2663 1824 2722 ct
1839 2655 1913 2740 lego
1926 2654 2065 2722 ecclesie

413 2783 481 2829 mee
497 2765 724 2830 Moxstadensi
748 2763 939 2846 supradicte
963 2769 1000 2828 ut
1023 2782 1125 2844 snpra
1141 2761 1269 2828 nomine
1286 2763 1487 2829 testamenti.
1534 2763 1779 2831 Infirmitatem
1796 2769 1830 2830 et
1845 2761 2064 2830 testimoninm

413 2871 555 2936 omnium
580 2870 812 2952 premissorum
836 2889 940 2935 meum
965 2869 1107 2954 sigillum
1131 2868 1297 2950 proprium
1321 2888 1388 2936 una
1412 2889 1485 2936 curn
1509 2869 1617 2954 sigillo
1633 2869 1844 2938 officialitatis
1860 2868 2065 2952 prepositure

413 2976 549 3042 ecclesie
573 2976 896 3044 Frankenlordensis
925 2976 1070 3059 predicte
1095 2978 1137 3041 ad
1160 2981 1312 3059 rogatum
1336 2995 1441 3042 meum
1465 2976 1528 3042 hiis
1551 2977 1666 3043 literis
1689 2995 1834 3060 appenso
1859 2975 2066 3058 presentibus

414 3083 492 3147 duxi
525 3086 783 3164 appendendum.
840 3083 885 3148 Et
918 3103 977 3150 nos
1012 3135 1017 3147 .
1046 3139 1053 3152 .
1087 3081 1232 3149 officialis
1266 3082 1456 3165 supradicte
1489 3084 1697 3166 prepositure
1729 3082 1993 3166 recognoscimus
2026 3085 2065 3148 ad

414 3197 564 3273 rogatum
588 3190 717 3256 honesti
741 3189 802 3257 viri
827 3190 949 3258 domini
964 3189 1114 3256 Heinrici
1138 3189 1253 3256 decani
1277 3196 1424 3256 nostrum
1449 3189 1589 3274 sigillum
1613 3209 1680 3257 una
1704 3209 1776 3257 cum
1800 3189 1907 3272 sigillo
1924 3189 2066 3256 eiusdem

396 3296 535 3382 ‚domini
566 3295 683 3362 decani
712 3297 921 3379 presentibus
951 3295 1157 3379 appendisse.
1211 3298 1332 3364 Actum
1363 3316 1449 3364 anno
1479 3297 1601 3363 domini
1630 3275 1995 3379 rb.cbc.X⁰X.p1im0,
2022 3295 2065 3362 11.
2187 3379 2188 3384 Ἰ

413 3403 486 3469 idus
509 3403 596 3469 maii.

630 3529 675 3583 Or.
691 3528 778 3598 Ppmt.
817 3485 879 3582 Diev
898 3528 992 3583 beidm
1016 3527 1214 3597 onbdageadcn
1240 3528 1327 3600 Stupet
1350 3527 1415 3584 moed
1439 3527 1518 3582 lcicbi
1544 3491 1704 3598 amasset.
1748 3526 1835 3582 SM.
1850 3527 1901 3582 Fr.
1915 3526 2014 3581 Barth.
2029 3526 2066 3584 st.

631 3618 733 3761 sterila:¹
746 3621 866 3775 32in
885 3707 929 3775 II,
947 3711 1002 3761 208
1019 3708 1089 3760 acels
1108 3707 1166 3760 dem
1187 3706 1233 3764 Or.
1253 3750 1259 3762 .

416 4089 506 4164 166.
533 4099 606 4166 Dos
622 4102 666 4165 St.
681 4101 1020 4185 Bartleclomneusstift
1045 4105 1218 4187 oarspcicbt
1234 4106 1294 4170 den
1307 4105 1461 4188 frti'beren
1477 4107 1643 4193 Bepbtnen
1658 4091 1812 4194 Irmpcrd
1827 4111 1894 4175 arrd
1909 4109 2067 4175 Kantzelu

533 4209 583 4272 dic
616 4231 672 4272 riou
701 4211 806 4274 (diesen
829 4211 899 4274 dam
929 4211 1023 4292 Stifte
1053 4214 1226 4278 veromente
1248 4212 1429 4298 Korapr'e'lte
1458 4237 1518 4280 cus
1550 4219 1635 4280 einer
1660 4215 1751 4298 Hafa
1781 4217 1828 4281 bai
1851 4218 2066 4282 Scbwaabaim

534 4315 626 4379 ilonea
649 4319 714 4396 auf
735 4317 837 4380 deidei·
861 4311 1041 4382 Lebensaait
1063 4341 1104 4382 aa
1128 4321 1328 4385 eumenen:
1357 4327 1442 4386 1321
1467 4323 1542 4387 Mat
1564 4329 1617 4388 20.

523 4455 700 4522 Heinricus
730 4460 874 4524 decanus
905 4465 1073 4548 totumque
1099 4514 1130 4527 ..
1157 4461 1336 4543 capitulum
1361 4462 1497 4534 ecclesie
1522 4463 1630 4530 sancti
1652 4465 1876 4532 Bartholomei
1898 4467 2070 4532 Franken-

415 4555 588 4636 lordensis.
636 4565 763 4630 'Panare
781 4567 807 4650 ll
825 4566 1027 4648 presentium
1051 4567 1179 4648 publice
1202 4569 1393 4650 profitemur
1416 4577 1448 4635 et
1474 4571 1514 4636 ad
1538 4571 1766 4638 universorum
1782 4579 1849 4638 tam
1866 4573 2068 4655 presencium

416 4693 511 4753 <puram
536 4669 720 4736 futurorum
745 4671 899 4737 noticiam
920 4673 1138 4757 desiducimus
1153 4694 1213 4757 per
1230 4682 1410 4757 presentes
1436 4678 1531 4758 quod,
1557 4697 1629 4744 cum
1644 4676 1807 4745 Kbntzela
1824 4677 1913 4744 dicta
1928 4679 2069 4745 Emeren

417 4787 449 4843 et
473 4778 720 4860 Ermengardis,
745 4783 956 4864 materteflra
987 4780 1067 4860 eius,
1092 4780 1167 4846 olim
1197 4780 1314 4864 begine
1338 4781 1679 4866 FrankenlordenscS,
1705 4803 1786 4866 pure
1816 4790 1952 4868 propter
1976 4787 2069 4852 deum

417 4893 449 4950 et
479 4885 513 4949 in
544 4884 718 4950 remedium
751 4884 932 4950 animarum
963 4905 1096 4953 suarum
1124 4888 1217 4954 nobis
1241 4894 1274 4954 et
1298 4888 1434 4954 ecclesia
1458 4897 1571 4956 nostre
1593 4887 1788 4974 legaverint,
1814 4887 2014 4958 tradiderint
2037 4899 2068 4957 et

417 4992 612 5058 donaverint
644 4991 820 5058 donatione
850 4991 937 5058 inter
966 4992 1060 5060 vivos
1091 4994 1261 5076 sollempni
1290 4995 1501 5078 stipulatione
1525 4997 1724 5080 interposita
1747 5001 1846 5080 super
1868 5017 1932 5064 unc
1956 5017 2068 5065 manso

417 5099 468 5164 vel
492 5099 589 5179 paulo
612 5097 717 5163 minus
742 5104 830 5164 terre
847 5099 993 5180 arabilis
1020 5100 1083 5167 sito
1098 5101 1133 5167 in
1150 5102 1297 5168 terminis
1314 5101 1390 5170 ville
1407 5102 1611 5196 Steinheym,
1638 5102 1778 5186 quinque
1795 5104 1916 5171 actalia
1931 5104 2069 5188 siliginis

416 5225 566 5270 mensure
598 5204 920 5272 Frankenlordensis
951 5226 1058 5273 annue
1090 5215 1124 5273 et
1153 5215 1311 5291 perpetue
1344 5209 1510 5290 pensionis
1539 5209 1573 5276 in
1603 5209 1748 5293 ipsarum
1780 5210 2006 5278 anniversario
2036 5211 2068 5276 in

416 5319 532 5377 nostra
562 5311 702 5378 ecclesia
732 5333 791 5394 pro
822 5313 1001 5394 presenciis
1026 5322 1093 5381 tam
1119 5368 1151 5384 ..
1177 5315 1347 5382 canonicis
1371 5334 1468 5397 quam
1494 5368 1524 5382 ..
1551 5316 1684 5383 vicariis
1709 5317 1872 5398 equaliter
1895 5317 2069 5398 diuidenda

417 5426 451 5483 et
474 5418 597 5506 nos-'ac
622 5420 791 5486 ecclesiam
808 5426 964 5514 ‘nostram
986 5421 1020 5488 in
1045 5423 1283 5505 possessionem
1307 5425 1484 5489 eorundem
1508 5423 1614 5490 mansi
1637 5431 1671 5490 et
1695 5423 1849 5490 octalium
1873 5424 2014 5509 siliginis
2036 5425 2068 5490 in

416 5526 534 5591 iudicio
557 5527 644 5592 dicte
668 5526 744 5592 ville
764 5527 948 5593 Sveinheim
972 5529 1120 5595 miserint
1144 5531 1362 5611 corporalem:
1388 5549 1457 5611 nos
1482 5531 1604 5597 eisdem
1620 5529 1778 5598 llbntzela
1802 5539 1837 5597 et
1852 5531 2069 5618 Ermengardi

417 5633 522 5700 vicem
546 5631 720 5700 refundere
745 5634 924 5715 eripientes.
950 5634 1108 5716 volumus,
1135 5640 1217 5716 quod
1246 5689 1277 5702 ..
1305 5636 1507 5703 camerarius
1531 5637 1775 5719 presenciarum
1794 5643 1991 5719 nostrarum,
2016 5637 2069 5719 qui

682 5831 706 5878 a)
725 5817 788 5869 Uber
802 5826 846 5870 der
861 5826 934 5870 Zeila.
963 5829 985 5878 b)
1002 5827 1041 5871 Or.
1057 5833 1223 5882 ,perageturt¹
