4428 6406
386 307 451 374 266
947 305 1015 359 1329
1034 303 1100 360 iuni
1120 305 1155 358 26
1163 303 1207 374 (A)
1226 304 1281 359 und
1300 303 1367 360 Juni
1388 303 1481 374 27(Β).

386 501 624 584 supplicarunt,
650 509 812 583 quatenus
828 501 910 585 ipsis
927 522 966 568 ac
982 501 1078 583 opido
1095 521 1206 566 eorum
1222 499 1256 566 in
1273 498 1549 566 Franckenbirta
1573 501 1720 582 predicto
1737 501 1845 566 omnia
1861 507 1894 566 ct
1911 499 2046 583 singula

387 609 573 693 privilegia,
605 609 679 676 iura
709 630 779 692 sua,
810 608 993 689 libertates
1025 608 1154 691 gracias
1185 615 1218 673 et
1249 607 1530 675 consuetudinesi
1551 627 1628 674 suas
1659 615 1728 673 tam
1760 607 1914 688 antiquas
1946 625 2045 688 quam

386 735 500 798 novas,
531 715 614 800 ipsis
647 737 667 782 a
697 717 781 783 divis
812 719 1035 782 Romanorum
1064 714 1318 796 imperatoribus
1349 733 1388 780 ac
1419 714 1567 798 regibuS,
1601 713 1888 796 predecessoribus
1918 713 2046 778 nostris

385 823 518 905 inclitis
542 841 669 890 necnon
694 843 714 889 a
738 822 936 905 nobisipsis
960 822 1162 904 temporibus
1186 821 1363 887 retroactis
1386 820 1567 904 graciosius
1590 821 1719 887 indulta
1743 828 1776 886 et
1792 839 1960 900 concessa,
1987 838 2045 884 seu

385 929 531 997 indultas
562 936 621 1000 eti
654 949 838 1010 concessae,
870 933 910 995 de
941 928 1039 996 solita
1069 937 1186 995 nostra
1217 928 1393 994 clemencia
1425 929 1635 1012 dignaremur
1665 929 1850 1010 approbare
1875 947 1914 992 ac
1938 926 2046 992 eciam

385 1036 630 1104 benivolencius
653 1037 855 1103 confirmare.
892 1038 959 1102 Nos
984 1056 1061 1104 vero
1080 1035 1338 1116 considerantes
1361 1039 1446 1116 quod
1467 1033 1649 1102 infallibilis
1666 1035 1746 1102 fides
1762 1040 1796 1100 et
1812 1033 1946 1102 devocio
1966 1053 2044 1099 con-

387 1150 490 1224 stans,
515 1143 744 1224 obsequiorum
769 1143 991 1226 promptitudo
1016 1150 1050 1209 et
1066 1143 1266 1224 obediencia,
1285 1142 1402 1224 quibus
1418 1161 1499 1225 erga
1515 1161 1574 1208 nos
1591 1149 1624 1207 et
1640 1160 1769 1207 sacrum
1786 1142 1970 1207 Romanum
1986 1139 2046 1205 im·

386 1250 512 1332 perium
528 1269 656 1332 semper
671 1249 882 1317 laudabiliter
898 1251 1097 1332 claruerunt,
1112 1248 1295 1315 huiusmodi
1311 1268 1420 1315 eorum
1434 1248 1628 1331 peticionem
1641 1251 1782 1314 reddunt
1795 1246 2045 1314 racionabiliter

386 1357 624 1422 admittendam
644 1361 801 1437 tanquam
817 1357 968 1422 meritam
984 1363 1017 1422 et
1034 1356 1238 1439 condignam,
1264 1355 1344 1438 ipsis
1361 1355 1520 1438 predictis
1536 1355 1663 1422 civibus
1680 1375 1719 1422 ac
1735 1354 1833 1438 opido
1849 1354 2045 1420 Francken·

386 1461 484 1528 furta
510 1462 619 1528 omnia
642 1468 676 1528 et
699 1462 829 1547 singula
853 1482 963 1529 eorum
988 1462 1173 1545 privilegia,
1199 1462 1282 1544 iura,
1307 1462 1479 1528 libertates
1503 1469 1537 1528 et
1560 1463 1689 1544 gracias
1711 1481 1750 1528 ac
1767 1459 2043 1528 consuetudinesi

388 1588 611 1650 quascunque,
637 1575 735 1651 prout
759 1569 840 1651 ipsis
857 1590 877 1636 a
894 1569 1051 1652 predictis
1067 1569 1190 1635 nostris
1207 1569 1494 1651 predecessoribus
1511 1571 1563 1636 vel
1580 1590 1600 1636 a
1616 1568 1710 1635 nobis
1726 1569 1790 1634 rite
1807 1573 1840 1634 et
1855 1567 2044 1634 racionabi-

386 1674 462 1742 liter
492 1675 618 1741 tradita
648 1683 725 1741 sunt
755 1683 789 1742 et
819 1696 989 1759 concessa,
1022 1696 1080 1742 seu
1111 1676 1234 1742 tradite
1265 1682 1299 1742 et
1329 1696 1493 1758 concesse,
1526 1678 1748 1760 approbamus
1778 1673 1835 1742 eti
1861 1674 2043 1758 graciosius

387 1783 623 1848 confirmamus
672 1783 762 1848 Nulli
792 1803 871 1866 ergo
902 1783 1031 1849 omnino
1061 1782 1226 1849 hominum
1256 1783 1355 1850 liceat
1379 1785 1463 1849 hanc
1488 1790 1601 1849 nostre
1624 1782 1896 1864 confirmacionis
1923 1801 2043 1863 appro-

387 1888 536 1954 bacionis
561 1871 736 1972 paginam·
763 1887 945 1972 infringere
969 1891 1023 1956 vel
1046 1890 1075 1955 ei
1100 1910 1182 1958 ausu
1207 1890 1315 1971 aliquo
1340 1889 1514 1956 temerario
1540 1889 1739 1956 contrairet
1779 1892 1873 1974 Quod
1897 1889 1954 1970 qui
1969 1909 2043 1970 pre-

387 1995 563 2076 sumpserit
586 1994 847 2079 indignacionem
872 2004 1018 2062 nostram
1043 2003 1076 2062 et
1100 2017 1217 2079 penam
1242 2004 1371 2062 centum
1390 1997 1548 2062 librarum
1565 1996 1638 2062 auri
1654 1996 1728 2079 puri
1744 1997 1897 2079 ponderis
1913 1995 2042 2078 legalis,

386 2102 594 2168 medietatem
618 2103 697 2169 fisco
721 2109 834 2169 nostro
859 2110 892 2168 et
915 2103 1073 2184 reliquam
1097 2103 1306 2170 medietatem
1331 2104 1439 2186 passis
1461 2104 1615 2171 iniuriam
1636 2105 1835 2185 solvendam,
1860 2123 1895 2168 se
1911 2102 2042 2170 noverit

386 2208 602 2274 incursurum.
650 2211 689 2275 In
721 2228 857 2291 quorum
889 2210 1061 2281 omniumn
1091 2211 1313 2277 testimonium
1345 2218 1408 2281 etu
1440 2211 1661 2282 firmitatemn
1684 2217 1854 2293 presentes
1879 2209 2044 2276 conscribi

387 2314 451 2380 etll
480 2315 571 2380 bulla
601 2323 715 2382 nostra
746 2336 848 2382 aurea
878 2315 1032 2383 iussimus
1064 2317 1253 2384 conmuniri.
1313 2319 1434 2384 Datum
1465 2317 1578 2400 Papie,
1611 2317 1770 2400 vigesima
1801 2315 1961 2398 septimae
1990 2315 2043 2381 die

386 2421 507 2488 mensis
543 2421 641 2504 iunii,
675 2422 854 2490 indictione
887 2423 1116 2506 duodecima,v
1155 2444 1240 2490 anno
1269 2425 1389 2491 domini
1422 2424 1590 2490 millesimo
1623 2425 1853 2490 trecentesimo
1885 2422 2043 2490 vicesimo

387 2525 503 2609 nono,l
536 2530 630 2612 regni
653 2529 759 2596 nostri
783 2550 868 2596 anno
893 2531 1142 2612 quintodecimo,
1160 2530 1288 2613 imperii
1312 2551 1389 2598 vero
1413 2533 1564 2596 secundo.
1608 2529 1771 2613 Signume
1796 2529 1918 2596 domini
1933 2529 2045 2594 Ludo-

387 2634 461 2700 wici
495 2635 606 2716 quarti
637 2637 857 2703 Romanorum
888 2639 949 2720 (iiii
979 2637 1188 2719 imperatoris
1219 2637 1439 2706 invictissimi.
1499 2638 1570 2722 Ego
1601 2636 1708 2704 irater
1738 2637 1915 2703 Heinricus
1947 2655 2043 2702 sacre

387 2741 574 2826 theologie⁸
605 2746 736 2824 doctor,
768 2763 887 2828 gerens
920 2744 1057 2810 officium
1088 2744 1277 2810 cancellarii
1307 2743 1429 2811 domini
1459 2744 1669 2826 imperatoris
1699 2743 1771 2810 vice
1802 2742 2044 2826 archiepiscopi

386 2848 597 2931 Coloniensis,
623 2849 906 2918 archicancellarii
929 2871 987 2933 per
1011 2852 1153 2932 Italiam,
1179 2852 1363 2935 recognovi.

602 3011 647 3066 Or.
663 3013 750 3082 Ppmi.
789 3013 844 3067 Die
864 3013 1006 3068 Goldbullc
1031 3015 1116 3084 hdnpt
1143 3031 1180 3067 an
1205 3013 1372 3083 pelli-roiben
1390 3011 1574 3075 Seideulddcn
1599 3029 1644 3065 cru
1682 3011 1721 3065 st.
1737 3013 1770 3064 A.
1786 3011 1836 3064 Fr.
1875 3011 2043 3082 Prieilepien

653 3101 705 3154 No.
719 3105 770 3154 41⁴²
785 3103 845 3168 (B).
866 3103 940 3156 Eine
953 3103 1152 3172 Ausseriipunp
1166 3103 1216 3166 (A)
1232 3103 1279 3154 mit
1298 3101 1357 3154 dero
1370 3101 1489 3168 treffliclv
1508 3094 1661 3154 erb'ulteaen
1676 3100 1903 3167 diojestdissicpcl
1917 3117 1954 3154 osi
1966 3101 2040 3170 palb-

653 3192 747 3244 rotken
764 3192 948 3258 Scicleusdden
967 3193 1146 3261 (Primlcpr'en
1167 3192 1219 3244 No.
1234 3195 1281 3257 41)
1310 3191 1344 3243 isi
1371 3207 1428 3244 com
1447 3191 1576 3244 eccuni·
1595 3189 1691 3256 deliri,
1711 3191 1760 3258 apl.
1779 3189 1992 3243 dieVurt'oaicn
2013 3191 2044 3244 in

653 3279 705 3332 den
724 3281 942 3348 Anmcrlcanpon.

603 3386 684 3440 θεάν.
705 3388 776 3441 nach
795 3389 847 3440 rt:
865 3388 896 3441 P.
916 3394 940 3440 et
960 3389 1000 3452 P,
1021 3387 1045 3454 Ι,
1066 3393 1116 3454 17,·
1136 3389 1178 3455 Η,
1199 3392 1248 3453 14,’
1269 3411 1300 3432 =
1322 3387 1422 3455 deniq,
1442 3385 1476 3438 it
1491 3385 1534 3453 A,
1556 3386 1647 3452 XIII,
1667 3390 1735 3454 564,-
1757 3387 1827 3440 uuclr
1847 3388 1898 3441 B„-
1918 3388 1960 3455 B,
1979 3393 2043 3442 502.

605 3493 697 3547 Vera:
715 3495 759 3560 B,
780 3493 846 3564 Rep.
862 3495 942 3562 laid,
963 3496 1015 3548 No.
1031 3499 1115 3563 10405
1135 3495 1184 3550 Fr.
1199 3496 1269 3564 Ina,
1290 3495 1350 3562 iii,
1370 3499 1393 3548 i.

385 3886 477 3962 359.
503 3897 626 3961 Kuiscr
649 3896 786 3982 Inidrciy
818 3899 962 3981 testerepo
992 3900 1056 3979 ciris
1076 3899 1161 3961 iiiito
1188 3899 1244 3962 der·
1269 3897 1301 3961 F
1302 3899 1485 3979 intellector
1510 3899 1639 3984 Brirycr
1662 3901 1718 3964 der
1741 3900 1832 3963 stadt
1856 3899 1889 3962 F
1890 3901 2045 3981 rurrlcfuri

505 4003 569 4067 irad
592 4005 686 4068 deren
710 4004 938 4088 Eidpenossen,
963 4006 1023 4068 clun
1046 4006 1175 4069 Striclien
1202 4007 1413 4084 Gelrilcunsea,
1440 4007 1574 4072 llltzlor
1597 4008 1663 4070 iered
1680 4006 1712 4069 F
1712 4007 1864 4091 ricdbcrp,
1889 4007 1952 4071 olle
1977 4009 2045 4071 ihre

505 4109 706 4195 Priuileqiee,
724 4111 847 4190 Recine,
864 4112 1052 4192 Freibeiteo,
1073 4113 1208 4177 Grandem
1224 4113 1289 4177 ntzel
1308 4113 1555 4177 Gewoinieinn.
1590 4113 1703 4190 I'urin,
1723 4119 1809 4178 1329
1824 4114 1908 4179 Jeme
1922 4119 1969 4178 26
1978 4115 2043 4197 (A)

503 4218 569 4281 rand
592 4217 675 4282 Jaenc'
697 4219 771 4301 27(
797 4221 834 4299 ¹).'

492 4377 690 4445 nucowicus
720 4378 773 4444 dci
802 4379 915 4462 gracia
946 4382 1166 4447 Romanorum
1197 4381 1387 4462 imperator,
1420 4400 1547 4462 semper
1578 4387 1739 4464 augustus
1803 4382 1979 4448 Universis
2012 4389 2044 4448 ei

386 4483 548 4566 singulisr
573 4487 615 4550 ad
639 4504 719 4566 quos
741 4493 913 4568 presentes
930 4487 1150 4569 pervenerint,
1177 4487 1244 4553 suis
1261 4495 1294 4552 et
1310 4487 1438 4570 imperii
1453 4487 1603 4553 fidelibus
1620 4487 1759 4570 dilectis,
1785 4488 1929 4572 graciam
1948 4509 2044 4556 suam

386 4599 418 4656 et
443 4610 536 4657 omne
553 4590 579 4676 li
597 4592 725 4657 bonum.
774 4593 889 4658 Virtus
912 4594 1020 4659 nostri
1044 4576 1228 4677 augustalis
1253 4594 1402 4660 culminis
1426 4595 1531 4676 girum
1556 4595 1630 4660 aule
1654 4613 1711 4660 sue
1729 4595 1927 4678 specialibus
1945 4617 2045 4663 orna-

385 4697 503 4764 mentis
533 4705 567 4764 et
597 4685 771 4764 decoribus
802 4699 942 4782 amplius
972 4700 1134 4768 illuminat
1165 4707 1199 4768 et
1230 4709 1360 4768 tronum
1390 4701 1463 4768 solii
1494 4702 1544 4768 sul
1575 4702 1693 4778 elevat,
1720 4722 1791 4767 curn
1822 4701 2044 4784 peticionibus

385 4822 516 4869 suorum
546 4804 719 4886 fidelilium
749 4826 788 4871 ac
820 4809 1012 4874 devotorum
1040 4828 1075 4874 se
1099 4829 1158 4891 per
1182 4807 1406 4874 exaudicionis
1431 4809 1704 4875 oblectamentum
1729 4817 1762 4875 et
1786 4808 2044 4892 propiciacionis

385 4909 528 4994 graciam
559 4911 654 4978 offert
684 4912 779 4978 iuxta
809 4933 920 4979 eorum
950 4922 1031 4981 vota
1061 4915 1246 4982 benivolam
1277 4924 1311 4980 et
1341 4921 1503 4996 paratam.
1557 4918 1763 4982 Accedentes
1793 4915 1896 5000 igitur
1927 4925 2044 4984 nostre

385 5017 571 5084 maiestatis
601 5019 804 5101 presenciam
836 5021 1044 5104 prulldentes
1074 5022 1136 5088 viri
1160 5023 1251 5089 cives
1274 5022 1363 5104 opidi
1386 5021 1492 5090 nostri
1514 5022 1549 5089 in
1572 5021 1851 5102 Franckenflirt,a
1877 5025 1986 5092 nostri
2011 5032 2043 5091 et

651 5235 675 5280 ι)
691 5229 731 5274 Or.
746 5230 889 5284 „theoloia‘t

656 5399 791 5444 Variarrieu
813 5402 856 5444 der
870 5403 1049 5456 Arrssortipuny
1065 5417 1108 5447 con
1122 5406 1181 5447 1329
1194 5405 1258 5448 durni
1273 5407 1302 5448 26
1316 5405 1378 5456 (A):
1399 5399 1426 5453 al
1437 5403 1641 5455 ,iranisniurct
1662 5399 1687 5468 fii
1698 5405 1929 5458 „consvvetudlnes“.
1941 5401 1969 5472 τ)
1980 5413 2043 5461 μω.

597 5472 620 5541 δ)
634 5481 816 5534 ,.presentibus“
832 5483 865 5525 ist
883 5483 1062 5536 einpescboben.
1083 5479 1104 5544 s)
1119 5485 1327 5538 „confirmationis
1341 5485 1451 5538 graciam
1466 5485 1587 5538 infrigere
1595 5488 1639 5534 (i)“.
1659 5480 1681 5541 ζ’)
1694 5485 1747 5528 Der
1755 5486 1869 5542 soluenda
1880 5488 1939 5531 Satn
1950 5489 2044 5532 laniet.-

597 5561 675 5614 „sicui
685 5561 886 5615 indignacionem
895 5566 1006 5606 nostram
1017 5575 1118 5617 gravem
1129 5569 1154 5607 et
1163 5575 1251 5620 penam
1261 5570 1358 5608 centum
1368 5565 1487 5608 librarum
1497 5565 1739 5620 nortpertinorum
1749 5567 1870 5611 medietas
1879 5569 1937 5612 iisco
1949 5573 2045 5614 nostro.

596 5640 648 5684 aiio
662 5651 720 5684 vero
736 5641 854 5685 medietas
870 5643 987 5686 iniuriam
1002 5655 1075 5698 passo
1090 5645 1235 5699 applicatur,
1251 5646 1358 5690 voluerit
1371 5646 1508 5690 studiosius
1522 5646 1639 5690 evitaret
1673 5641 1704 5711 spi
1725 5647 1806 5691 Ferit.
1844 5642 1875 5710 θ)
1896 5653 1936 5702 „at
1957 5651 2042 5706 sigilio

596 5723 737 5767 maiestatis
750 5727 856 5769 nostrat
889 5717 906 5785 ι)
925 5725 1059 5778 „vigesima
1073 5731 1143 5770 sexta
1158 5728 1248 5771 mensis
1263 5727 1326 5771 iunii
1340 5727 1400 5772 dia‘t
1430 5721 1454 5790 a)
1476 5727 1524 5771 Die
1538 5725 1770 5782 Indiciiomemgabc
1782 5727 1852 5783 scitii.
1893 5721 1918 5792 λ)
1937 5733 2043 5786 „vigori

597 5813 635 5846 mo
649 5808 736 5848 nonne.
759 5799 805 5870 p)
829 5805 882 5849 Dar
906 5805 1030 5859 Foipenue
1051 5807 1120 5862 fehlt.
1163 5801 1185 5870 ν)
1213 5809 1333 5864 „singuiis
1362 5809 1427 5852 sacri
1452 5809 1556 5853 Romani
1585 5810 1679 5864 imperii
1704 5809 1815 5855 fidelibus
1838 5813 1951 5864 graciam
1976 5817 2043 5856 ater:
