<?xml version="1.0" encoding="UTF-8"?>
<!DOCTYPE html PUBLIC "-//W3C//DTD XHTML 1.0 Transitional//EN"
    "http://www.w3.org/TR/xhtml1/DTD/xhtml1-transitional.dtd">
<html xmlns="http://www.w3.org/1999/xhtml" xml:lang="en" lang="en">
 <head>
  <title>
</title>
<meta http-equiv="Content-Type" content="text/html;charset=utf-8" />
  <meta name='ocr-system' content='tesseract 3.04.00' />
  <meta name='ocr-capabilities' content='ocr_page ocr_carea ocr_par ocr_line ocrx_word'/>
</head>
<body>
  <div class='ocr_page' id='page_1' title='image "./codexdiplomatic01nathgoog_0123.png"; bbox 0 0 4414 6402; ppageno 0'>
   <div class='ocr_carea' id='block_1_1' title="bbox 673 318 1769 384">
    <p class='ocr_par' dir='ltr' id='par_1_1' title="bbox 673 318 1769 384">
     <span class='ocr_line' id='line_1_1' title="bbox 673 318 1769 384; baseline 0.005 -12"><span class='ocrx_word' id='word_1_1' title='bbox 673 319 741 374; x_wconf 78' lang='lat'>1320</span> <span class='ocrx_word' id='word_1_2' title='bbox 759 319 882 374; x_wconf 80' lang='lat' dir='ltr'>Februar</span> <span class='ocrx_word' id='word_1_3' title='bbox 902 318 935 373; x_wconf 81' lang='lat'>15</span> <span class='ocrx_word' id='word_1_4' title='bbox 955 349 988 358; x_wconf 81' lang='lat'>—</span> <span class='ocrx_word' id='word_1_5' title='bbox 1009 319 1079 372; x_wconf 84' lang='lat'>1320</span> <span class='ocrx_word' id='word_1_6' title='bbox 1097 318 1174 372; x_wconf 81' lang='grc'><strong>11111</strong></span> <span class='ocrx_word' id='word_1_7' title='bbox 1193 319 1217 372; x_wconf 83' lang='grc'>1.</span> <span class='ocrx_word' id='word_1_8' title='bbox 1709 320 1769 384; x_wconf 92' lang='grc'>111</span> 
     </span>
    </p>
   </div>
   <div class='ocr_carea' id='block_1_2' title="bbox 122 509 1772 923">
    <p class='ocr_par' dir='ltr' id='par_1_2' title="bbox 122 509 1772 923">
     <span class='ocr_line' id='line_1_2' title="bbox 122 509 1772 600; baseline -0.003 -16"><span class='ocrx_word' id='word_1_9' title='bbox 122 509 207 584; x_wconf 82' lang='grc'><strong>132.</strong></span> <span class='ocrx_word' id='word_1_10' title='bbox 232 516 304 582; x_wconf 85' lang='lat' dir='ltr'>Dus</span> <span class='ocrx_word' id='word_1_11' title='bbox 328 517 461 582; x_wconf 83' lang='lat' dir='ltr'>Kloster</span> <span class='ocrx_word' id='word_1_12' title='bbox 488 519 595 582; x_wconf 77' lang='lat' dir='ltr'>Timon</span> <span class='ocrx_word' id='word_1_13' title='bbox 621 518 793 599; x_wconf 80' lang='lat' dir='ltr'>oerpochtei</span> <span class='ocrx_word' id='word_1_14' title='bbox 815 539 858 581; x_wconf 84' lang='lat' dir='ltr'>an</span> <span class='ocrx_word' id='word_1_15' title='bbox 881 517 941 582; x_wconf 80' lang='lat' dir='ltr'>den</span> <span class='ocrx_word' id='word_1_16' title='bbox 965 516 1457 600; x_wconf 65' lang='grc'><strong>111111111119111111</strong></span> <span class='ocrx_word' id='word_1_17' title='bbox 1484 539 1540 580; x_wconf 82' lang='grc'>111</span> <span class='ocrx_word' id='word_1_18' title='bbox 1557 516 1772 582; x_wconf 74' lang='lat' dir='ltr'>didascalieum</span> 
     </span>
     <span class='ocr_line' id='line_1_3' title="bbox 234 621 1771 706; baseline -0.001 -19"><span class='ocrx_word' id='word_1_19' title='bbox 234 625 298 688; x_wconf 77' lang='lat' dir='ltr'>crud</span> <span class='ocrx_word' id='word_1_20' title='bbox 321 625 432 689; x_wconf 82' lang='lat' dir='ltr'>descen</span> <span class='ocrx_word' id='word_1_21' title='bbox 454 623 549 690; x_wconf 80' lang='lat' dir='ltr'>Fron</span> <span class='ocrx_word' id='word_1_22' title='bbox 572 623 637 706; x_wconf 69' lang='lat' dir='ltr'>ucis</span> <span class='ocrx_word' id='word_1_23' title='bbox 658 625 762 690; x_wconf 71' lang='lat' dir='ltr'>berder</span> <span class='ocrx_word' id='word_1_24' title='bbox 784 623 966 690; x_wconf 74' lang='lat' dir='ltr'>Lebensaeit</span> <span class='ocrx_word' id='word_1_25' title='bbox 988 627 1095 690; x_wconf 75' lang='lat' dir='ltr'>scinco</span> <span class='ocrx_word' id='word_1_26' title='bbox 1119 623 1191 704; x_wconf 79' lang='lat' dir='ltr'>Hos</span> <span class='ocrx_word' id='word_1_27' title='bbox 1211 627 1246 688; x_wconf 85' lang='lat' dir='ltr'>in</span> <span class='ocrx_word' id='word_1_28' title='bbox 1268 621 1462 705; x_wconf 74' lang='lat' dir='ltr'>Frunlsrut,</span> <span class='ocrx_word' id='word_1_29' title='bbox 1487 628 1593 688; x_wconf 76' lang='grc'><strong>111111</strong></span> <span class='ocrx_word' id='word_1_30' title='bbox 1613 622 1685 704; x_wconf 80' lang='lat' dir='ltr'>Hof</span> <span class='ocrx_word' id='word_1_31' title='bbox 1705 623 1771 687; x_wconf 84' lang='lat' dir='ltr'>und</span> 
     </span>
     <span class='ocr_line' id='line_1_4' title="bbox 235 729 1772 812; baseline -0.003 -16"><span class='ocrx_word' id='word_1_32' title='bbox 235 731 355 797; x_wconf 84' lang='lat' dir='ltr'>Guricn</span> <span class='ocrx_word' id='word_1_33' title='bbox 385 753 441 798; x_wconf 81' lang='lat' dir='ltr'>our</span> <span class='ocrx_word' id='word_1_34' title='bbox 470 731 540 796; x_wconf 77' lang='lat' dir='ltr'>clena</span> <span class='ocrx_word' id='word_1_35' title='bbox 563 731 807 796; x_wconf 76' lang='lat' dir='ltr'>Boclrculreimer</span> <span class='ocrx_word' id='word_1_36' title='bbox 832 730 918 796; x_wconf 76' lang='lat' dir='ltr'>Tleor</span> <span class='ocrx_word' id='word_1_37' title='bbox 941 731 1007 796; x_wconf 81' lang='lat' dir='ltr'>und</span> <span class='ocrx_word' id='word_1_38' title='bbox 1035 736 1055 794; x_wconf 76' lang='lat'><em>7</em></span> <span class='ocrx_word' id='word_1_39' title='bbox 1078 731 1190 812; x_wconf 78' lang='lat' dir='ltr'>Hufcn</span> <span class='ocrx_word' id='word_1_40' title='bbox 1214 730 1395 796; x_wconf 73' lang='lat' dir='ltr'>nouercam</span> <span class='ocrx_word' id='word_1_41' title='bbox 1418 734 1453 794; x_wconf 83' lang='lat' dir='ltr'>in</span> <span class='ocrx_word' id='word_1_42' title='bbox 1474 731 1531 796; x_wconf 80' lang='lat' dir='ltr'>der</span> <span class='ocrx_word' id='word_1_43' title='bbox 1554 729 1772 811; x_wconf 75' lang='lat' dir='ltr'>Frnnbsurier</span> 
     </span>
     <span class='ocr_line' id='line_1_5' title="bbox 236 837 1619 923; baseline 0 -21"><span class='ocrx_word' id='word_1_44' title='bbox 236 838 440 923; x_wconf 78' lang='lat' dir='ltr'>Gemurlutnp</span> <span class='ocrx_word' id='word_1_45' title='bbox 462 838 521 920; x_wconf 80' lang='lat' dir='ltr'>fiir</span> <span class='ocrx_word' id='word_1_46' title='bbox 544 844 587 903; x_wconf 78' lang='grc'>40</span> <span class='ocrx_word' id='word_1_47' title='bbox 611 837 732 904; x_wconf 84' lang='lat' dir='ltr'>Mulier</span> <span class='ocrx_word' id='word_1_48' title='bbox 754 837 889 922; x_wconf 72' lang='lat' dir='ltr'>Repperi</span> <span class='ocrx_word' id='word_1_49' title='bbox 905 839 1088 918; x_wconf 75' lang='lat' dir='ltr'>jutriietea</span> <span class='ocrx_word' id='word_1_50' title='bbox 1113 837 1235 903; x_wconf 83' lang='lat' dir='ltr'>Ziases.</span> <span class='ocrx_word' id='word_1_51' title='bbox 1284 843 1371 904; x_wconf 80' lang='lat'><em>1320</em></span> <span class='ocrx_word' id='word_1_52' title='bbox 1395 837 1544 903; x_wconf 81' lang='lat' dir='ltr'>Februur</span> <span class='ocrx_word' id='word_1_53' title='bbox 1568 843 1619 902; x_wconf 89' lang='lat'>15.</span> 
     </span>
    </p>
   </div>
   <div class='ocr_carea' id='block_1_3' title="bbox 117 977 1775 3736">
    <p class='ocr_par' dir='ltr' id='par_1_3' title="bbox 117 977 1775 3736">
     <span class='ocr_line' id='line_1_6' title="bbox 222 977 1772 1062; baseline -0.001 -17"><span class='ocrx_word' id='word_1_54' title='bbox 222 980 289 1048; x_wconf 87' lang='lat' dir='ltr'>Nos</span> <span class='ocrx_word' id='word_1_55' title='bbox 312 979 483 1047; x_wconf 89' lang='lat' dir='ltr'>Metblldis</span> <span class='ocrx_word' id='word_1_56' title='bbox 507 980 597 1046; x_wconf 90' lang='lat' dir='ltr'>dicta</span> <span class='ocrx_word' id='word_1_57' title='bbox 622 979 794 1046; x_wconf 80' lang='lat' dir='ltr'>abbatissa</span> <span class='ocrx_word' id='word_1_58' title='bbox 818 985 972 1062; x_wconf 88' lang='lat' dir='ltr'>totusque</span> <span class='ocrx_word' id='word_1_59' title='bbox 997 986 1181 1048; x_wconf 89' lang='lat' dir='ltr'>conventus</span> <span class='ocrx_word' id='word_1_60' title='bbox 1206 979 1500 1046; x_wconf 84' lang='lat' dir='ltr'>sanctimonialium</span> <span class='ocrx_word' id='word_1_61' title='bbox 1525 978 1716 1046; x_wconf 88' lang='lat' dir='ltr'>monasterii</span> <span class='ocrx_word' id='word_1_62' title='bbox 1739 977 1772 1043; x_wconf 95' lang='lat' dir='ltr'>in</span> 
     </span>
     <span class='ocr_line' id='line_1_7' title="bbox 120 1085 1771 1170; baseline -0.001 -19"><span class='ocrx_word' id='word_1_63' title='bbox 120 1087 257 1170; x_wconf 75' lang='lat' dir='ltr'>Throno,</span> <span class='ocrx_word' id='word_1_64' title='bbox 283 1087 410 1154; x_wconf 86' lang='lat' dir='ltr'>ordinis</span> <span class='ocrx_word' id='word_1_65' title='bbox 427 1087 666 1169; x_wconf 75' lang='lat' dir='ltr'>cisterciensis,</span> <span class='ocrx_word' id='word_1_66' title='bbox 690 1085 885 1170; x_wconf 82' lang='lat' dir='ltr'>Mogontine</span> <span class='ocrx_word' id='word_1_67' title='bbox 902 1085 1050 1168; x_wconf 75' lang='lat' dir='ltr'>diocesia,</span> <span class='ocrx_word' id='word_1_68' title='bbox 1073 1092 1186 1152; x_wconf 90' lang='lat' dir='ltr'>tenore</span> <span class='ocrx_word' id='word_1_69' title='bbox 1203 1085 1409 1170; x_wconf 88' lang='lat' dir='ltr'>presencium</span> <span class='ocrx_word' id='word_1_70' title='bbox 1426 1085 1555 1168; x_wconf 91' lang='lat' dir='ltr'>publice</span> <span class='ocrx_word' id='word_1_71' title='bbox 1571 1086 1771 1166; x_wconf 89' lang='lat' dir='ltr'>profitemur,</span> 
     </span>
     <span class='ocr_line' id='line_1_8' title="bbox 120 1189 1773 1276; baseline -0.002 -17"><span class='ocrx_word' id='word_1_72' title='bbox 120 1196 202 1274; x_wconf 92' lang='lat' dir='ltr'>quod</span> <span class='ocrx_word' id='word_1_73' title='bbox 233 1193 473 1260; x_wconf 88' lang='lat' dir='ltr'>communicata</span> <span class='ocrx_word' id='word_1_74' title='bbox 503 1214 602 1261; x_wconf 89' lang='lat' dir='ltr'>manu</span> <span class='ocrx_word' id='word_1_75' title='bbox 633 1192 770 1276; x_wconf 92' lang='lat' dir='ltr'>parique</span> <span class='ocrx_word' id='word_1_76' title='bbox 794 1211 955 1259; x_wconf 90' lang='lat' dir='ltr'>consensu</span> <span class='ocrx_word' id='word_1_77' title='bbox 981 1193 1104 1258; x_wconf 89' lang='lat' dir='ltr'>curiam</span> <span class='ocrx_word' id='word_1_78' title='bbox 1129 1200 1277 1259; x_wconf 89' lang='lat' dir='ltr'>nostram</span> <span class='ocrx_word' id='word_1_79' title='bbox 1300 1190 1390 1259; x_wconf 84' lang='lat' dir='ltr'>inira</span> <span class='ocrx_word' id='word_1_80' title='bbox 1412 1212 1523 1258; x_wconf 90' lang='lat' dir='ltr'>muros</span> <span class='ocrx_word' id='word_1_81' title='bbox 1546 1189 1773 1258; x_wconf 66' lang='grc'><strong>1111111111-</strong></span> 
     </span>
     <span class='ocr_line' id='line_1_9' title="bbox 120 1301 1772 1384; baseline -0.002 -18"><span class='ocrx_word' id='word_1_82' title='bbox 120 1303 234 1366; x_wconf 88' lang='lat' dir='ltr'>denses</span> <span class='ocrx_word' id='word_1_83' title='bbox 264 1320 304 1366; x_wconf 91' lang='lat' dir='ltr'>ac</span> <span class='ocrx_word' id='word_1_84' title='bbox 336 1301 458 1368; x_wconf 91' lang='lat' dir='ltr'>curiam</span> <span class='ocrx_word' id='word_1_85' title='bbox 492 1307 526 1368; x_wconf 89' lang='lat' dir='ltr'>et</span> <span class='ocrx_word' id='word_1_86' title='bbox 556 1309 665 1367; x_wconf 92' lang='lat' dir='ltr'>ortum</span> <span class='ocrx_word' id='word_1_87' title='bbox 695 1307 791 1366; x_wconf 86' lang='lat' dir='ltr'>extra</span> <span class='ocrx_word' id='word_1_88' title='bbox 821 1319 931 1366; x_wconf 89' lang='lat' dir='ltr'>muros</span> <span class='ocrx_word' id='word_1_89' title='bbox 962 1305 1040 1366; x_wconf 90' lang='lat' dir='ltr'>ante</span> <span class='ocrx_word' id='word_1_90' title='bbox 1063 1301 1316 1384; x_wconf 84' lang='lat' dir='ltr'>Buckeubymer</span> <span class='ocrx_word' id='word_1_91' title='bbox 1343 1305 1471 1383; x_wconf 85' lang='lat' dir='ltr'>purten,</span> <span class='ocrx_word' id='word_1_92' title='bbox 1496 1319 1624 1366; x_wconf 92' lang='lat' dir='ltr'>necnon</span> <span class='ocrx_word' id='word_1_93' title='bbox 1648 1305 1772 1381; x_wconf 89' lang='lat' dir='ltr'>septem</span> 
     </span>
     <span class='ocr_line' id='line_1_10' title="bbox 119 1393 1772 1491; baseline -0.002 -18"><span class='ocrx_word' id='word_1_94' title='bbox 119 1427 247 1473; x_wconf 89' lang='lat' dir='ltr'>mansos</span> <span class='ocrx_word' id='word_1_95' title='bbox 270 1413 360 1474; x_wconf 88' lang='lat' dir='ltr'>terre</span> <span class='ocrx_word' id='word_1_96' title='bbox 384 1407 520 1474; x_wconf 91' lang='lat' dir='ltr'>arabilis</span> <span class='ocrx_word' id='word_1_97' title='bbox 543 1393 650 1474; x_wconf 88' lang='lat' dir='ltr'>minus</span> <span class='ocrx_word' id='word_1_98' title='bbox 674 1407 770 1473; x_wconf 90' lang='lat' dir='ltr'>unius</span> <span class='ocrx_word' id='word_1_99' title='bbox 786 1407 919 1491; x_wconf 82' lang='lat' dir='ltr'>lugaria,</span> <span class='ocrx_word' id='word_1_100' title='bbox 945 1407 979 1473; x_wconf 92' lang='lat' dir='ltr'>iu</span> <span class='ocrx_word' id='word_1_101' title='bbox 996 1407 1148 1474; x_wconf 88' lang='lat' dir='ltr'>terminis</span> <span class='ocrx_word' id='word_1_102' title='bbox 1165 1406 1314 1474; x_wconf 91' lang='lat' dir='ltr'>civitatis</span> <span class='ocrx_word' id='word_1_103' title='bbox 1331 1405 1663 1474; x_wconf 80' lang='lat' dir='ltr'>Fraukenvordensis</span> <span class='ocrx_word' id='word_1_104' title='bbox 1680 1403 1772 1486; x_wconf 92' lang='lat' dir='ltr'>sitos,</span> 
     </span>
     <span class='ocr_line' id='line_1_11' title="bbox 120 1510 1773 1598; baseline -0.002 -19"><span class='ocrx_word' id='word_1_105' title='bbox 120 1513 209 1580; x_wconf 92' lang='lat' dir='ltr'>nobis</span> <span class='ocrx_word' id='word_1_106' title='bbox 239 1513 309 1580; x_wconf 91' lang='lat' dir='ltr'>iure</span> <span class='ocrx_word' id='word_1_107' title='bbox 340 1515 560 1598; x_wconf 89' lang='lat' dir='ltr'>proprietario</span> <span class='ocrx_word' id='word_1_108' title='bbox 585 1514 778 1596; x_wconf 72' lang='lat' dir='ltr'>attinentes</span> <span class='ocrx_word' id='word_1_109' title='bbox 804 1514 1026 1581; x_wconf 81' lang='lat' dir='ltr'>concessimus</span> <span class='ocrx_word' id='word_1_110' title='bbox 1050 1521 1082 1579; x_wconf 91' lang='lat' dir='ltr'>et</span> <span class='ocrx_word' id='word_1_111' title='bbox 1107 1513 1287 1581; x_wconf 87' lang='lat' dir='ltr'>locavimus</span> <span class='ocrx_word' id='word_1_112' title='bbox 1311 1513 1440 1580; x_wconf 89' lang='lat' dir='ltr'>dilectis</span> <span class='ocrx_word' id='word_1_113' title='bbox 1464 1512 1559 1578; x_wconf 92' lang='lat' dir='ltr'>nobis</span> <span class='ocrx_word' id='word_1_114' title='bbox 1582 1512 1616 1577; x_wconf 93' lang='lat' dir='ltr'>in</span> <span class='ocrx_word' id='word_1_115' title='bbox 1641 1510 1773 1578; x_wconf 81' lang='lat' dir='ltr'>Christo</span> 
     </span>
     <span class='ocr_line' id='line_1_12' title="bbox 120 1617 1772 1704; baseline -0.001 -20"><span class='ocrx_word' id='word_1_116' title='bbox 120 1621 260 1688; x_wconf 78' lang='lat' dir='ltr'>b&#39;olrado</span> <span class='ocrx_word' id='word_1_117' title='bbox 291 1624 330 1687; x_wconf 91' lang='lat' dir='ltr'>de</span> <span class='ocrx_word' id='word_1_118' title='bbox 354 1622 577 1688; x_wconf 89' lang='lat' dir='ltr'>Masseuheim</span> <span class='ocrx_word' id='word_1_119' title='bbox 608 1628 642 1688; x_wconf 91' lang='lat' dir='ltr'>et</span> <span class='ocrx_word' id='word_1_120' title='bbox 666 1621 818 1704; x_wconf 81' lang='grc'><strong>01111111,</strong></span> <span class='ocrx_word' id='word_1_121' title='bbox 843 1621 938 1687; x_wconf 83' lang='lat' dir='ltr'>uxori</span> <span class='ocrx_word' id='word_1_122' title='bbox 968 1621 1037 1687; x_wconf 92' lang='lat' dir='ltr'>eius</span> <span class='ocrx_word' id='word_1_123' title='bbox 1061 1619 1215 1704; x_wconf 83' lang='lat' dir='ltr'>legitime,</span> <span class='ocrx_word' id='word_1_124' title='bbox 1242 1619 1368 1687; x_wconf 89' lang='lat' dir='ltr'>civibus</span> <span class='ocrx_word' id='word_1_125' title='bbox 1391 1617 1772 1698; x_wconf 86' lang='lat' dir='ltr'>Fraukenlordensibus,</span> 
     </span>
     <span class='ocr_line' id='line_1_13' title="bbox 119 1725 1773 1840; baseline -0.001 -49"><span class='ocrx_word' id='word_1_126' title='bbox 119 1729 157 1791; x_wconf 91' lang='lat' dir='ltr'>ad</span> <span class='ocrx_word' id='word_1_127' title='bbox 191 1727 257 1794; x_wconf 90' lang='lat' dir='ltr'>vite</span> <span class='ocrx_word' id='word_1_128' title='bbox 292 1748 403 1795; x_wconf 89' lang='lat' dir='ltr'>eorum</span> <span class='ocrx_word' id='word_1_129' title='bbox 436 1735 469 1795; x_wconf 91' lang='lat' dir='ltr'>et</span> <span class='ocrx_word' id='word_1_130' title='bbox 502 1729 676 1796; x_wconf 84' lang='lat' dir='ltr'>cuiusbbet</span> <span class='ocrx_word' id='word_1_131' title='bbox 708 1748 818 1795; x_wconf 91' lang='lat' dir='ltr'>eorum</span> <span class='ocrx_word' id='word_1_132' title='bbox 853 1734 1002 1810; x_wconf 90' lang='lat' dir='ltr'>tempora</span> <span class='ocrx_word' id='word_1_133' title='bbox 1034 1726 1241 1810; x_wconf 90' lang='lat' dir='ltr'>possidenda,</span> <span class='ocrx_word' id='word_1_134' title='bbox 1275 1726 1324 1793; x_wconf 91' lang='lat' dir='ltr'>ita</span> <span class='ocrx_word' id='word_1_135' title='bbox 1357 1729 1441 1808; x_wconf 94' lang='lat' dir='ltr'>quod</span> <span class='ocrx_word' id='word_1_136' title='bbox 1472 1725 1566 1792; x_wconf 88' lang='lat' dir='ltr'>nobis</span> <span class='ocrx_word' id='word_1_137' title='bbox 1597 1731 1630 1840; x_wconf 67' lang='lat' dir='ltr'>et</span> <span class='ocrx_word' id='word_1_138' title='bbox 1659 1729 1773 1790; x_wconf 89' lang='lat' dir='ltr'>nostro</span> 
     </span>
     <span class='ocr_line' id='line_1_14' title="bbox 120 1830 1773 1920; baseline -0.002 -21"><span class='ocrx_word' id='word_1_139' title='bbox 120 1835 316 1901; x_wconf 85' lang='lat' dir='ltr'>monasterio</span> <span class='ocrx_word' id='word_1_140' title='bbox 342 1836 438 1902; x_wconf 89' lang='grc'><strong>11118</strong></span> <span class='ocrx_word' id='word_1_141' title='bbox 462 1835 609 1920; x_wconf 89' lang='lat' dir='ltr'>singulis,</span> <span class='ocrx_word' id='word_1_142' title='bbox 635 1838 742 1917; x_wconf 89' lang='lat' dir='ltr'>quoad</span> <span class='ocrx_word' id='word_1_143' title='bbox 765 1834 918 1916; x_wconf 84' lang='lat' dir='ltr'>vixerint,</span> <span class='ocrx_word' id='word_1_144' title='bbox 944 1833 1034 1900; x_wconf 90' lang='lat' dir='ltr'>iulra</span> <span class='ocrx_word' id='word_1_145' title='bbox 1057 1831 1146 1900; x_wconf 85' lang='lat' dir='ltr'>leste</span> <span class='ocrx_word' id='word_1_146' title='bbox 1170 1833 1405 1916; x_wconf 88' lang='lat' dir='ltr'>assumptionis</span> <span class='ocrx_word' id='word_1_147' title='bbox 1421 1841 1454 1900; x_wconf 93' lang='lat' dir='ltr'>et</span> <span class='ocrx_word' id='word_1_148' title='bbox 1470 1830 1660 1900; x_wconf 87' lang='lat' dir='ltr'>nativitatis</span> <span class='ocrx_word' id='word_1_149' title='bbox 1675 1831 1773 1897; x_wconf 89' lang='lat' dir='ltr'>beate</span> 
     </span>
     <span class='ocr_line' id='line_1_15' title="bbox 119 1938 1774 2027; baseline -0.001 -23"><span class='ocrx_word' id='word_1_150' title='bbox 119 1940 220 2006; x_wconf 90' lang='lat' dir='ltr'>llarie</span> <span class='ocrx_word' id='word_1_151' title='bbox 249 1941 391 2026; x_wconf 85' lang='lat' dir='ltr'>virginis</span> <span class='ocrx_word' id='word_1_152' title='bbox 422 1962 521 2025; x_wconf 88' lang='lat' dir='ltr'>super</span> <span class='ocrx_word' id='word_1_153' title='bbox 553 1942 742 2027; x_wconf 70' lang='lat' dir='ltr'>granmmm</span> <span class='ocrx_word' id='word_1_154' title='bbox 774 1949 923 2008; x_wconf 90' lang='lat' dir='ltr'>nostrum</span> <span class='ocrx_word' id='word_1_155' title='bbox 947 1939 1181 2006; x_wconf 84' lang='lat' dir='ltr'>Frankenlord</span> <span class='ocrx_word' id='word_1_156' title='bbox 1212 1941 1263 2008; x_wconf 89' lang='lat' dir='ltr'>vel</span> <span class='ocrx_word' id='word_1_157' title='bbox 1295 1943 1336 2006; x_wconf 89' lang='lat' dir='ltr'>ad</span> <span class='ocrx_word' id='word_1_158' title='bbox 1369 1941 1454 2008; x_wconf 90' lang='lat' dir='ltr'>alias</span> <span class='ocrx_word' id='word_1_159' title='bbox 1484 1943 1606 2020; x_wconf 90' lang='lat' dir='ltr'>domos,</span> <span class='ocrx_word' id='word_1_160' title='bbox 1631 1938 1661 2004; x_wconf 90' lang='lat' dir='ltr'>si</span> <span class='ocrx_word' id='word_1_161' title='bbox 1692 1957 1774 2018; x_wconf 86' lang='lat' dir='ltr'>quas</span> 
     </span>
     <span class='ocr_line' id='line_1_16' title="bbox 119 2043 1774 2133; baseline -0.001 -21"><span class='ocrx_word' id='word_1_162' title='bbox 119 2049 384 2129; x_wconf 85' lang='lat' dir='ltr'>deputaverimus</span> <span class='ocrx_word' id='word_1_163' title='bbox 413 2049 544 2131; x_wconf 86' lang='lat' dir='ltr'>ibidem,</span> <span class='ocrx_word' id='word_1_164' title='bbox 569 2049 793 2133; x_wconf 87' lang='lat' dir='ltr'>quadraginta</span> <span class='ocrx_word' id='word_1_165' title='bbox 821 2048 943 2116; x_wconf 89' lang='lat' dir='ltr'>octalia</span> <span class='ocrx_word' id='word_1_166' title='bbox 966 2045 1104 2132; x_wconf 85' lang='lat' dir='ltr'>siliginis</span> <span class='ocrx_word' id='word_1_167' title='bbox 1128 2047 1245 2131; x_wconf 89' lang='lat' dir='ltr'>legalis</span> <span class='ocrx_word' id='word_1_168' title='bbox 1269 2067 1421 2113; x_wconf 83' lang='lat' dir='ltr'>mensure</span> <span class='ocrx_word' id='word_1_169' title='bbox 1443 2043 1774 2112; x_wconf 84' lang='lat' dir='ltr'>Frankeuvordeusis</span> 
     </span>
     <span class='ocr_line' id='line_1_17' title="bbox 119 2150 1775 2239; baseline -0.002 -21"><span class='ocrx_word' id='word_1_170' title='bbox 119 2154 246 2220; x_wconf 89' lang='lat' dir='ltr'>solvant</span> <span class='ocrx_word' id='word_1_171' title='bbox 270 2163 305 2221; x_wconf 87' lang='lat' dir='ltr'>et</span> <span class='ocrx_word' id='word_1_172' title='bbox 329 2162 522 2238; x_wconf 88' lang='lat' dir='ltr'>presentent</span> <span class='ocrx_word' id='word_1_173' title='bbox 546 2156 714 2239; x_wconf 88' lang='lat' dir='ltr'>pensionis</span> <span class='ocrx_word' id='word_1_174' title='bbox 738 2156 867 2222; x_wconf 92' lang='lat' dir='ltr'>nomine</span> <span class='ocrx_word' id='word_1_175' title='bbox 885 2155 952 2221; x_wconf 91' lang='lat' dir='ltr'>suis</span> <span class='ocrx_word' id='word_1_176' title='bbox 968 2153 1137 2221; x_wconf 85' lang='lat' dir='ltr'>laboribus</span> <span class='ocrx_word' id='word_1_177' title='bbox 1154 2160 1188 2220; x_wconf 90' lang='lat' dir='ltr'>et</span> <span class='ocrx_word' id='word_1_178' title='bbox 1204 2153 1369 2236; x_wconf 80' lang='lat' dir='ltr'>expensis,</span> <span class='ocrx_word' id='word_1_179' title='bbox 1394 2151 1550 2236; x_wconf 87' lang='lat' dir='ltr'>grandini</span> <span class='ocrx_word' id='word_1_180' title='bbox 1566 2159 1599 2218; x_wconf 92' lang='lat' dir='ltr'>et</span> <span class='ocrx_word' id='word_1_181' title='bbox 1615 2150 1775 2217; x_wconf 81' lang='lat' dir='ltr'>exercitui</span> 
     </span>
     <span class='ocr_line' id='line_1_18' title="bbox 120 2258 1773 2346; baseline -0.001 -20"><span class='ocrx_word' id='word_1_182' title='bbox 120 2261 290 2329; x_wconf 86' lang='lat' dir='ltr'>dumtaxat</span> <span class='ocrx_word' id='word_1_183' title='bbox 321 2263 485 2346; x_wconf 82' lang='lat' dir='ltr'>exceptis3</span> <span class='ocrx_word' id='word_1_184' title='bbox 522 2263 661 2330; x_wconf 87' lang='lat' dir='ltr'>adiectis</span> <span class='ocrx_word' id='word_1_185' title='bbox 692 2263 757 2329; x_wconf 90' lang='lat' dir='ltr'>hiis</span> <span class='ocrx_word' id='word_1_186' title='bbox 788 2261 1033 2329; x_wconf 90' lang='lat' dir='ltr'>condicionibus</span> <span class='ocrx_word' id='word_1_187' title='bbox 1063 2259 1299 2344; x_wconf 84' lang='lat' dir='ltr'>infrascriptis,</span> <span class='ocrx_word' id='word_1_188' title='bbox 1331 2259 1485 2328; x_wconf 89' lang='lat' dir='ltr'>videlicet</span> <span class='ocrx_word' id='word_1_189' title='bbox 1515 2263 1601 2342; x_wconf 91' lang='lat' dir='ltr'>quod</span> <span class='ocrx_word' id='word_1_190' title='bbox 1632 2258 1773 2344; x_wconf 88' lang='lat' dir='ltr'>prelatis</span> 
     </span>
     <span class='ocr_line' id='line_1_19' title="bbox 119 2367 1774 2454; baseline -0.001 -21"><span class='ocrx_word' id='word_1_191' title='bbox 119 2369 308 2454; x_wconf 84' lang='lat' dir='ltr'>coniugibus</span> <span class='ocrx_word' id='word_1_192' title='bbox 339 2371 497 2437; x_wconf 91' lang='lat' dir='ltr'>ambobus</span> <span class='ocrx_word' id='word_1_193' title='bbox 526 2368 702 2454; x_wconf 83' lang='lat' dir='ltr'>defunctis,</span> <span class='ocrx_word' id='word_1_194' title='bbox 728 2370 837 2437; x_wconf 89' lang='lat' dir='ltr'>omnia</span> <span class='ocrx_word' id='word_1_195' title='bbox 861 2376 894 2436; x_wconf 93' lang='lat' dir='ltr'>et</span> <span class='ocrx_word' id='word_1_196' title='bbox 918 2369 1048 2453; x_wconf 84' lang='lat' dir='ltr'>singula</span> <span class='ocrx_word' id='word_1_197' title='bbox 1071 2370 1168 2450; x_wconf 91' lang='lat' dir='ltr'>bona,</span> <span class='ocrx_word' id='word_1_198' title='bbox 1193 2388 1255 2450; x_wconf 92' lang='lat' dir='ltr'>que</span> <span class='ocrx_word' id='word_1_199' title='bbox 1279 2375 1448 2451; x_wconf 86' lang='lat' dir='ltr'>superstes</span> <span class='ocrx_word' id='word_1_200' title='bbox 1471 2367 1505 2434; x_wconf 93' lang='lat' dir='ltr'>iu</span> <span class='ocrx_word' id='word_1_201' title='bbox 1528 2387 1590 2434; x_wconf 89' lang='lat' dir='ltr'>sua</span> <span class='ocrx_word' id='word_1_202' title='bbox 1612 2373 1717 2434; x_wconf 86' lang='lat' dir='ltr'>morte</span> <span class='ocrx_word' id='word_1_203' title='bbox 1740 2367 1774 2432; x_wconf 92' lang='lat' dir='ltr'>in</span> 
     </span>
     <span class='ocr_line' id='line_1_20' title="bbox 119 2473 1772 2563; baseline -0.002 -21"><span class='ocrx_word' id='word_1_204' title='bbox 119 2477 274 2557; x_wconf 86' lang='lat' dir='ltr'>predictis</span> <span class='ocrx_word' id='word_1_205' title='bbox 297 2479 421 2544; x_wconf 87' lang='lat' dir='ltr'>nostris</span> <span class='ocrx_word' id='word_1_206' title='bbox 444 2478 549 2562; x_wconf 85' lang='lat' dir='ltr'>bonis,</span> <span class='ocrx_word' id='word_1_207' title='bbox 575 2477 676 2544; x_wconf 88' lang='lat' dir='ltr'>curiis</span> <span class='ocrx_word' id='word_1_208' title='bbox 693 2485 727 2544; x_wconf 89' lang='lat' dir='ltr'>et</span> <span class='ocrx_word' id='word_1_209' title='bbox 743 2477 843 2563; x_wconf 82' lang='lat' dir='ltr'>agria,</span> <span class='ocrx_word' id='word_1_210' title='bbox 868 2477 902 2543; x_wconf 90' lang='lat' dir='ltr'>in</span> <span class='ocrx_word' id='word_1_211' title='bbox 917 2477 1101 2560; x_wconf 84' lang='lat' dir='ltr'>mobilibus,</span> <span class='ocrx_word' id='word_1_212' title='bbox 1127 2475 1272 2557; x_wconf 90' lang='lat' dir='ltr'>edificiis,</span> <span class='ocrx_word' id='word_1_213' title='bbox 1298 2475 1475 2559; x_wconf 88' lang='lat' dir='ltr'>pagatibus</span> <span class='ocrx_word' id='word_1_214' title='bbox 1491 2482 1526 2541; x_wconf 90' lang='lat' dir='ltr'>et</span> <span class='ocrx_word' id='word_1_215' title='bbox 1540 2473 1772 2541; x_wconf 87' lang='lat' dir='ltr'>meliorationi-</span> 
     </span>
     <span class='ocr_line' id='line_1_21' title="bbox 118 2579 1774 2668; baseline -0.002 -20"><span class='ocrx_word' id='word_1_216' title='bbox 118 2584 176 2650; x_wconf 88' lang='lat' dir='ltr'>bus</span> <span class='ocrx_word' id='word_1_217' title='bbox 198 2584 447 2668; x_wconf 87' lang='lat' dir='ltr'>quibuscunque</span> <span class='ocrx_word' id='word_1_218' title='bbox 466 2585 647 2668; x_wconf 88' lang='lat' dir='ltr'>reliquerit,</span> <span class='ocrx_word' id='word_1_219' title='bbox 672 2587 760 2668; x_wconf 93' lang='lat' dir='ltr'>apud</span> <span class='ocrx_word' id='word_1_220' title='bbox 776 2605 836 2650; x_wconf 87' lang='lat' dir='ltr'>nos</span> <span class='ocrx_word' id='word_1_221' title='bbox 853 2591 886 2650; x_wconf 90' lang='lat' dir='ltr'>et</span> <span class='ocrx_word' id='word_1_222' title='bbox 902 2589 1052 2650; x_wconf 90' lang='lat' dir='ltr'>nostrum</span> <span class='ocrx_word' id='word_1_223' title='bbox 1067 2581 1302 2649; x_wconf 84' lang='lat' dir='ltr'>monasterium</span> <span class='ocrx_word' id='word_1_224' title='bbox 1316 2581 1419 2648; x_wconf 89' lang='lat' dir='ltr'>libere</span> <span class='ocrx_word' id='word_1_225' title='bbox 1435 2588 1627 2650; x_wconf 86' lang='lat' dir='ltr'>remaneant</span> <span class='ocrx_word' id='word_1_226' title='bbox 1644 2579 1774 2647; x_wconf 91' lang='lat' dir='ltr'>nomine</span> 
     </span>
     <span class='ocr_line' id='line_1_22' title="bbox 118 2688 1774 2775; baseline 0.001 -20"><span class='ocrx_word' id='word_1_227' title='bbox 118 2691 316 2775; x_wconf 87' lang='lat' dir='ltr'>testamenti,</span> <span class='ocrx_word' id='word_1_228' title='bbox 343 2692 604 2760; x_wconf 87' lang='lat' dir='ltr'>contradictione</span> <span class='ocrx_word' id='word_1_229' title='bbox 636 2692 858 2774; x_wconf 79' lang='lat' dir='ltr'>quorumlibet</span> <span class='ocrx_word' id='word_1_230' title='bbox 884 2710 949 2757; x_wconf 92' lang='lat' dir='ltr'>non</span> <span class='ocrx_word' id='word_1_231' title='bbox 981 2691 1145 2756; x_wconf 91' lang='lat' dir='ltr'>obstante.</span> <span class='ocrx_word' id='word_1_232' title='bbox 1193 2689 1240 2754; x_wconf 81' lang='lat' dir='ltr'>Et</span> <span class='ocrx_word' id='word_1_233' title='bbox 1269 2688 1298 2754; x_wconf 88' lang='lat' dir='ltr'>si</span> <span class='ocrx_word' id='word_1_234' title='bbox 1328 2688 1410 2755; x_wconf 91' lang='lat' dir='ltr'>dicti</span> <span class='ocrx_word' id='word_1_235' title='bbox 1433 2689 1588 2772; x_wconf 90' lang='lat' dir='ltr'>coniuges</span> <span class='ocrx_word' id='word_1_236' title='bbox 1612 2691 1665 2757; x_wconf 90' lang='lat' dir='ltr'>vel</span> <span class='ocrx_word' id='word_1_237' title='bbox 1689 2689 1774 2756; x_wconf 89' lang='lat' dir='ltr'>alter</span> 
     </span>
     <span class='ocr_line' id='line_1_23' title="bbox 118 2795 1774 2883; baseline -0.001 -20"><span class='ocrx_word' id='word_1_238' title='bbox 118 2817 235 2880; x_wconf 87' lang='lat' dir='ltr'>eorum,</span> <span class='ocrx_word' id='word_1_239' title='bbox 262 2799 318 2880; x_wconf 90' lang='lat' dir='ltr'>qui</span> <span class='ocrx_word' id='word_1_240' title='bbox 348 2806 518 2883; x_wconf 89' lang='lat' dir='ltr'>superstes</span> <span class='ocrx_word' id='word_1_241' title='bbox 548 2798 659 2882; x_wconf 83' lang='lat' dir='ltr'>fuerit,</span> <span class='ocrx_word' id='word_1_242' title='bbox 685 2799 798 2881; x_wconf 91' lang='lat' dir='ltr'>aliqua</span> <span class='ocrx_word' id='word_1_243' title='bbox 829 2797 940 2864; x_wconf 91' lang='lat' dir='ltr'>debita</span> <span class='ocrx_word' id='word_1_244' title='bbox 971 2796 1210 2878; x_wconf 87' lang='lat' dir='ltr'>contraxerint,</span> <span class='ocrx_word' id='word_1_245' title='bbox 1236 2799 1321 2878; x_wconf 91' lang='lat' dir='ltr'>quod</span> <span class='ocrx_word' id='word_1_246' title='bbox 1346 2815 1386 2862; x_wconf 91' lang='lat' dir='ltr'>ea</span> <span class='ocrx_word' id='word_1_247' title='bbox 1409 2795 1520 2862; x_wconf 90' lang='lat' dir='ltr'>debita</span> <span class='ocrx_word' id='word_1_248' title='bbox 1545 2797 1583 2861; x_wconf 91' lang='lat' dir='ltr'>de</span> <span class='ocrx_word' id='word_1_249' title='bbox 1608 2795 1683 2862; x_wconf 91' lang='lat' dir='ltr'>aliis</span> <span class='ocrx_word' id='word_1_250' title='bbox 1706 2795 1774 2862; x_wconf 91' lang='lat' dir='ltr'>suis</span> 
     </span>
     <span class='ocr_line' id='line_1_24' title="bbox 117 2901 1773 2990; baseline -0.001 -20"><span class='ocrx_word' id='word_1_251' title='bbox 117 2905 208 2970; x_wconf 91' lang='lat' dir='ltr'>bouis</span> <span class='ocrx_word' id='word_1_252' title='bbox 237 2906 468 2990; x_wconf 91' lang='lat' dir='ltr'>immobilibus,</span> <span class='ocrx_word' id='word_1_253' title='bbox 500 2906 729 2989; x_wconf 84' lang='lat' dir='ltr'>proprietariis</span> <span class='ocrx_word' id='word_1_254' title='bbox 760 2913 794 2972; x_wconf 89' lang='lat' dir='ltr'>et</span> <span class='ocrx_word' id='word_1_255' title='bbox 823 2903 1044 2984; x_wconf 86' lang='lat' dir='ltr'>hereditariis,</span> <span class='ocrx_word' id='word_1_256' title='bbox 1077 2903 1277 2987; x_wconf 88' lang='lat' dir='ltr'>persolvent.</span> <span class='ocrx_word' id='word_1_257' title='bbox 1324 2901 1464 2969; x_wconf 85' lang='lat' dir='ltr'>Domum</span> <span class='ocrx_word' id='word_1_258' title='bbox 1494 2902 1598 2969; x_wconf 89' lang='lat' dir='ltr'>eciam</span> <span class='ocrx_word' id='word_1_259' title='bbox 1627 2909 1773 2969; x_wconf 91' lang='lat' dir='ltr'>nostram</span> 
     </span>
     <span class='ocr_line' id='line_1_25' title="bbox 117 3009 1775 3096; baseline 0 -20"><span class='ocrx_word' id='word_1_260' title='bbox 117 3011 148 3076; x_wconf 94' lang='lat' dir='ltr'>in</span> <span class='ocrx_word' id='word_1_261' title='bbox 164 3013 257 3079; x_wconf 88' lang='lat' dir='ltr'>curia</span> <span class='ocrx_word' id='word_1_262' title='bbox 274 3020 389 3079; x_wconf 89' lang='lat' dir='ltr'>nostra</span> <span class='ocrx_word' id='word_1_263' title='bbox 403 3011 494 3080; x_wconf 88' lang='grc'><strong>11111</strong></span> <span class='ocrx_word' id='word_1_264' title='bbox 509 3033 629 3096; x_wconf 90' lang='lat' dir='ltr'>muros,</span> <span class='ocrx_word' id='word_1_265' title='bbox 655 3032 752 3096; x_wconf 88' lang='lat' dir='ltr'>quarn</span> <span class='ocrx_word' id='word_1_266' title='bbox 768 3013 929 3079; x_wconf 89' lang='lat' dir='ltr'>hactenus</span> <span class='ocrx_word' id='word_1_267' title='bbox 944 3010 1113 3078; x_wconf 88' lang='lat' dir='ltr'>immorari</span> <span class='ocrx_word' id='word_1_268' title='bbox 1128 3011 1322 3092; x_wconf 86' lang='lat' dir='ltr'>solebamus,</span> <span class='ocrx_word' id='word_1_269' title='bbox 1339 3009 1422 3076; x_wconf 89' lang='lat' dir='ltr'>dicti</span> <span class='ocrx_word' id='word_1_270' title='bbox 1438 3010 1592 3094; x_wconf 90' lang='lat' dir='ltr'>coniuges</span> <span class='ocrx_word' id='word_1_271' title='bbox 1609 3010 1775 3077; x_wconf 77' lang='lat' dir='ltr'>inhabita</span> 
     </span>
     <span class='ocr_line' id='line_1_26' title="bbox 118 3114 1774 3202; baseline -0.001 -18"><span class='ocrx_word' id='word_1_272' title='bbox 118 3119 206 3200; x_wconf 90' lang='lat' dir='ltr'>bunt,</span> <span class='ocrx_word' id='word_1_273' title='bbox 232 3120 262 3186; x_wconf 86' lang='lat' dir='ltr'>si</span> <span class='ocrx_word' id='word_1_274' title='bbox 292 3120 504 3202; x_wconf 85' lang='lat' dir='ltr'>dilectantur,</span> <span class='ocrx_word' id='word_1_275' title='bbox 530 3128 564 3188; x_wconf 91' lang='lat' dir='ltr'>et</span> <span class='ocrx_word' id='word_1_276' title='bbox 593 3123 654 3188; x_wconf 90' lang='lat' dir='ltr'>hoc</span> <span class='ocrx_word' id='word_1_277' title='bbox 684 3140 749 3186; x_wconf 93' lang='lat' dir='ltr'>uon</span> <span class='ocrx_word' id='word_1_278' title='bbox 779 3122 943 3202; x_wconf 90' lang='lat' dir='ltr'>obstante,</span> <span class='ocrx_word' id='word_1_279' title='bbox 970 3138 1040 3184; x_wconf 91' lang='lat' dir='ltr'>cum</span> <span class='ocrx_word' id='word_1_280' title='bbox 1068 3137 1129 3184; x_wconf 89' lang='lat' dir='ltr'>nos</span> <span class='ocrx_word' id='word_1_281' title='bbox 1152 3117 1206 3185; x_wconf 94' lang='lat' dir='ltr'>vel</span> <span class='ocrx_word' id='word_1_282' title='bbox 1228 3123 1360 3183; x_wconf 90' lang='lat' dir='ltr'>nostros</span> <span class='ocrx_word' id='word_1_283' title='bbox 1384 3114 1508 3184; x_wconf 85' lang='lat' dir='ltr'>iratres</span> <span class='ocrx_word' id='word_1_284' title='bbox 1533 3123 1590 3184; x_wconf 87' lang='lat' dir='ltr'>aut</span> <span class='ocrx_word' id='word_1_285' title='bbox 1614 3116 1774 3184; x_wconf 81' lang='lat' dir='ltr'>familiam</span> 
     </span>
     <span class='ocr_line' id='line_1_27' title="bbox 119 3223 1775 3312; baseline -0.002 -20"><span class='ocrx_word' id='word_1_286' title='bbox 119 3226 289 3311; x_wconf 89' lang='lat' dir='ltr'>continget</span> <span class='ocrx_word' id='word_1_287' title='bbox 304 3227 540 3295; x_wconf 83' lang='lat' dir='ltr'>Frankenlord</span> <span class='ocrx_word' id='word_1_288' title='bbox 564 3247 647 3311; x_wconf 85' lang='lat' dir='ltr'>esse,</span> <span class='ocrx_word' id='word_1_289' title='bbox 663 3227 698 3294; x_wconf 90' lang='lat' dir='ltr'>iu</span> <span class='ocrx_word' id='word_1_290' title='bbox 720 3226 867 3312; x_wconf 89' lang='lat' dir='ltr'>negociis</span> <span class='ocrx_word' id='word_1_291' title='bbox 891 3226 1015 3293; x_wconf 85' lang='lat' dir='ltr'>nostris</span> <span class='ocrx_word' id='word_1_292' title='bbox 1039 3224 1246 3310; x_wconf 84' lang='lat' dir='ltr'>peragendis,</span> <span class='ocrx_word' id='word_1_293' title='bbox 1265 3227 1350 3306; x_wconf 92' lang='lat' dir='ltr'>quod</span> <span class='ocrx_word' id='word_1_294' title='bbox 1374 3223 1408 3291; x_wconf 94' lang='lat' dir='ltr'>in</span> <span class='ocrx_word' id='word_1_295' title='bbox 1432 3227 1546 3292; x_wconf 87' lang='lat' dir='ltr'>eadem</span> <span class='ocrx_word' id='word_1_296' title='bbox 1565 3227 1669 3306; x_wconf 91' lang='lat' dir='ltr'>domo,</span> <span class='ocrx_word' id='word_1_297' title='bbox 1688 3223 1775 3291; x_wconf 90' lang='lat' dir='ltr'>sicut</span> 
     </span>
     <span class='ocr_line' id='line_1_28' title="bbox 118 3331 1775 3417; baseline -0.001 -18"><span class='ocrx_word' id='word_1_298' title='bbox 118 3335 283 3416; x_wconf 88' lang='lat' dir='ltr'>hucusque</span> <span class='ocrx_word' id='word_1_299' title='bbox 307 3335 492 3417; x_wconf 87' lang='lat' dir='ltr'>habuimus,</span> <span class='ocrx_word' id='word_1_300' title='bbox 517 3340 666 3402; x_wconf 89' lang='lat' dir='ltr'>nostrum</span> <span class='ocrx_word' id='word_1_301' title='bbox 691 3337 893 3402; x_wconf 91' lang='lat' dir='ltr'>commodum</span> <span class='ocrx_word' id='word_1_302' title='bbox 915 3334 1095 3399; x_wconf 89' lang='lat' dir='ltr'>habeamus</span> <span class='ocrx_word' id='word_1_303' title='bbox 1118 3338 1153 3398; x_wconf 90' lang='lat' dir='ltr'>et</span> <span class='ocrx_word' id='word_1_304' title='bbox 1176 3335 1262 3413; x_wconf 89' lang='lat' dir='ltr'>quod</span> <span class='ocrx_word' id='word_1_305' title='bbox 1286 3350 1387 3412; x_wconf 88' lang='lat' dir='ltr'>equos</span> <span class='ocrx_word' id='word_1_306' title='bbox 1411 3341 1444 3397; x_wconf 90' lang='lat' dir='ltr'>et</span> <span class='ocrx_word' id='word_1_307' title='bbox 1461 3350 1577 3397; x_wconf 88' lang='lat' dir='ltr'>currus</span> <span class='ocrx_word' id='word_1_308' title='bbox 1593 3337 1725 3398; x_wconf 90' lang='lat' dir='ltr'>nostros</span> <span class='ocrx_word' id='word_1_309' title='bbox 1740 3331 1775 3397; x_wconf 93' lang='lat' dir='ltr'>in</span> 
     </span>
     <span class='ocr_line' id='line_1_29' title="bbox 118 3437 1775 3524; baseline -0.002 -18"><span class='ocrx_word' id='word_1_310' title='bbox 118 3441 187 3522; x_wconf 93' lang='lat' dir='ltr'>ipsa</span> <span class='ocrx_word' id='word_1_311' title='bbox 217 3441 311 3508; x_wconf 90' lang='lat' dir='ltr'>curia</span> <span class='ocrx_word' id='word_1_312' title='bbox 341 3442 546 3524; x_wconf 72' lang='lat' dir='ltr'>collocemus</span> <span class='ocrx_word' id='word_1_313' title='bbox 578 3441 733 3523; x_wconf 85' lang='lat' dir='ltr'>quociens</span> <span class='ocrx_word' id='word_1_314' title='bbox 763 3441 858 3508; x_wconf 91' lang='lat' dir='ltr'>nobis</span> <span class='ocrx_word' id='word_1_315' title='bbox 888 3440 989 3507; x_wconf 86' lang='lat' dir='ltr'>luerit</span> <span class='ocrx_word' id='word_1_316' title='bbox 1021 3445 1249 3522; x_wconf 89' lang='lat' dir='ltr'>opportunum.</span> <span class='ocrx_word' id='word_1_317' title='bbox 1301 3438 1342 3503; x_wconf 94' lang='lat' dir='ltr'>In</span> <span class='ocrx_word' id='word_1_318' title='bbox 1373 3437 1605 3520; x_wconf 88' lang='lat' dir='ltr'>premissorum</span> <span class='ocrx_word' id='word_1_319' title='bbox 1633 3437 1775 3504; x_wconf 92' lang='lat' dir='ltr'>omnium</span> 
     </span>
     <span class='ocr_line' id='line_1_30' title="bbox 120 3543 1775 3634; baseline -0.004 -18"><span class='ocrx_word' id='word_1_320' title='bbox 120 3551 342 3618; x_wconf 86' lang='lat' dir='ltr'>testimonium</span> <span class='ocrx_word' id='word_1_321' title='bbox 366 3550 524 3634; x_wconf 90' lang='lat' dir='ltr'>predictis</span> <span class='ocrx_word' id='word_1_322' title='bbox 549 3549 742 3633; x_wconf 88' lang='lat' dir='ltr'>coniugibus</span> <span class='ocrx_word' id='word_1_323' title='bbox 766 3548 963 3616; x_wconf 89' lang='lat' dir='ltr'>tradidimus</span> <span class='ocrx_word' id='word_1_324' title='bbox 986 3549 1048 3612; x_wconf 91' lang='lat' dir='ltr'>has</span> <span class='ocrx_word' id='word_1_325' title='bbox 1063 3547 1195 3612; x_wconf 90' lang='lat' dir='ltr'>litteras</span> <span class='ocrx_word' id='word_1_326' title='bbox 1211 3545 1318 3612; x_wconf 90' lang='lat' dir='ltr'>nostri</span> <span class='ocrx_word' id='word_1_327' title='bbox 1335 3543 1435 3628; x_wconf 88' lang='lat' dir='ltr'>sigilli</span> <span class='ocrx_word' id='word_1_328' title='bbox 1450 3544 1624 3611; x_wconf 87' lang='lat' dir='ltr'>munimine</span> <span class='ocrx_word' id='word_1_329' title='bbox 1640 3546 1775 3610; x_wconf 76' lang='lat' dir='ltr'>robora</span> 
     </span>
     <span class='ocr_line' id='line_1_31' title="bbox 119 3633 1490 3736; baseline -0.007 -11"><span class='ocrx_word' id='word_1_330' title='bbox 119 3663 178 3724; x_wconf 86' lang='lat' dir='ltr'>tas.</span> <span class='ocrx_word' id='word_1_331' title='bbox 233 3661 355 3725; x_wconf 89' lang='lat' dir='ltr'>Actum</span> <span class='ocrx_word' id='word_1_332' title='bbox 378 3663 413 3724; x_wconf 88' lang='grc'>11</span> <span class='ocrx_word' id='word_1_333' title='bbox 436 3660 550 3724; x_wconf 90' lang='lat' dir='ltr'>datum</span> <span class='ocrx_word' id='word_1_334' title='bbox 574 3676 659 3723; x_wconf 90' lang='lat' dir='ltr'>anuo</span> <span class='ocrx_word' id='word_1_335' title='bbox 684 3655 807 3722; x_wconf 93' lang='lat' dir='ltr'>domini</span> <span class='ocrx_word' id='word_1_336' title='bbox 829 3655 870 3724; x_wconf 83' lang='grc'><strong>111.</strong></span> <span class='ocrx_word' id='word_1_337' title='bbox 893 3652 959 3720; x_wconf 78' lang='lat' dir='ltr'>cic.</span> <span class='ocrx_word' id='word_1_338' title='bbox 977 3633 1065 3736; x_wconf 70' lang='lat' dir='ltr'>XX,</span> <span class='ocrx_word' id='word_1_339' title='bbox 1090 3653 1162 3718; x_wconf 86' lang='lat' dir='ltr'>XV.</span> <span class='ocrx_word' id='word_1_340' title='bbox 1185 3652 1346 3719; x_wconf 85' lang='lat' dir='ltr'>kalendas</span> <span class='ocrx_word' id='word_1_341' title='bbox 1370 3650 1490 3718; x_wconf 89' lang='lat' dir='ltr'>martii.</span> 
     </span>
    </p>
   </div>
   <div class='ocr_carea' id='block_1_4' title="bbox 331 3807 1238 3876">
    <p class='ocr_par' dir='ltr' id='par_1_4' title="bbox 331 3807 1238 3876">
     <span class='ocr_line' id='line_1_32' title="bbox 331 3807 1238 3876; baseline -0.004 -12"><span class='ocrx_word' id='word_1_342' title='bbox 331 3809 431 3865; x_wconf 63' lang='lat' dir='ltr'>deda:</span> <span class='ocrx_word' id='word_1_343' title='bbox 449 3809 493 3876; x_wconf 80' lang='lat' dir='ltr'>B,</span> <span class='ocrx_word' id='word_1_344' title='bbox 512 3811 567 3864; x_wconf 72' lang='lat'>450</span> <span class='ocrx_word' id='word_1_345' title='bbox 584 3808 654 3864; x_wconf 81' lang='grc'><strong>1111</strong></span> <span class='ocrx_word' id='word_1_346' title='bbox 672 3808 818 3874; x_wconf 81' lang='lat' dir='ltr'>Abscbrisi</span> <span class='ocrx_word' id='word_1_347' title='bbox 837 3807 975 3863; x_wconf 80' lang='lat' dir='ltr'>Ficburdu</span> <span class='ocrx_word' id='word_1_348' title='bbox 993 3823 1028 3862; x_wconf 78' lang='grc'>11</span> <span class='ocrx_word' id='word_1_349' title='bbox 1048 3807 1178 3861; x_wconf 80' lang='lat' dir='ltr'>Februur</span> <span class='ocrx_word' id='word_1_350' title='bbox 1197 3809 1238 3860; x_wconf 84' lang='lat'>16.</span> 
     </span>
    </p>
   </div>
   <div class='ocr_carea' id='block_1_5' title="bbox 120 4202 1776 4617">
    <p class='ocr_par' dir='ltr' id='par_1_5' title="bbox 120 4202 1776 4617">
     <span class='ocr_line' id='line_1_33' title="bbox 120 4202 1775 4292; baseline -0.004 -16"><span class='ocrx_word' id='word_1_351' title='bbox 120 4202 206 4279; x_wconf 82' lang='lat'><strong>133.</strong></span> <span class='ocrx_word' id='word_1_352' title='bbox 232 4213 428 4280; x_wconf 74' lang='lat' dir='ltr'>Schulibeiss</span> <span class='ocrx_word' id='word_1_353' title='bbox 448 4212 570 4278; x_wconf 81' lang='lat' dir='ltr'>Volrad</span> <span class='ocrx_word' id='word_1_354' title='bbox 601 4213 668 4276; x_wconf 80' lang='lat' dir='ltr'>und</span> <span class='ocrx_word' id='word_1_355' title='bbox 697 4212 748 4276; x_wconf 83' lang='lat' dir='ltr'>die</span> <span class='ocrx_word' id='word_1_356' title='bbox 774 4211 921 4292; x_wconf 79' lang='lat' dir='ltr'>Schdffcn</span> <span class='ocrx_word' id='word_1_357' title='bbox 950 4232 1010 4276; x_wconf 49' lang='lat' dir='ltr'>&#39;coa</span> <span class='ocrx_word' id='word_1_358' title='bbox 1032 4209 1217 4290; x_wconf 61' lang='lat' dir='ltr'>Fructificet</span> <span class='ocrx_word' id='word_1_359' title='bbox 1248 4208 1458 4286; x_wconf 74' lang='lat' dir='ltr'>bectrtuadcu,</span> <span class='ocrx_word' id='word_1_360' title='bbox 1490 4207 1567 4272; x_wconf 75' lang='lat' dir='ltr'>cluss</span> <span class='ocrx_word' id='word_1_361' title='bbox 1597 4211 1647 4272; x_wconf 84' lang='lat' dir='ltr'>ein</span> <span class='ocrx_word' id='word_1_362' title='bbox 1676 4205 1775 4271; x_wconf 76' lang='lat' dir='ltr'>auter</span> 
     </span>
     <span class='ocr_line' id='line_1_34' title="bbox 234 4314 1775 4404; baseline -0.005 -20"><span class='ocrx_word' id='word_1_363' title='bbox 234 4320 439 4386; x_wconf 70' lang='lat' dir='ltr'>bezeicbncics</span> <span class='ocrx_word' id='word_1_364' title='bbox 469 4319 566 4384; x_wconf 80' lang='lat' dir='ltr'>Hans</span> <span class='ocrx_word' id='word_1_365' title='bbox 596 4340 701 4404; x_wconf 84' lang='lat' dir='ltr'>wepen</span> <span class='ocrx_word' id='word_1_366' title='bbox 730 4318 967 4402; x_wconf 75' lang='lat' dir='ltr'>Niclriaolriunp</span> <span class='ocrx_word' id='word_1_367' title='bbox 996 4318 1052 4382; x_wconf 82' lang='lat' dir='ltr'>der</span> <span class='ocrx_word' id='word_1_368' title='bbox 1075 4317 1283 4382; x_wconf 74' lang='lat' dir='ltr'>Huuscinscn</span> <span class='ocrx_word' id='word_1_369' title='bbox 1312 4335 1371 4379; x_wconf 84' lang='grc'>111</span> <span class='ocrx_word' id='word_1_370' title='bbox 1401 4318 1497 4380; x_wconf 79' lang='lat' dir='ltr'>seiten</span> <span class='ocrx_word' id='word_1_371' title='bbox 1519 4314 1686 4379; x_wconf 77' lang='lat' dir='ltr'>Albrecbts</span> <span class='ocrx_word' id='word_1_372' title='bbox 1716 4335 1775 4377; x_wconf 83' lang='grc'>111</span> 
     </span>
     <span class='ocr_line' id='line_1_35' title="bbox 238 4420 1776 4510; baseline -0.006 -18"><span class='ocrx_word' id='word_1_373' title='bbox 238 4427 412 4508; x_wconf 78' lang='lat' dir='ltr'>Offenbacli</span> <span class='ocrx_word' id='word_1_374' title='bbox 441 4430 619 4510; x_wconf 77' lang='lat' dir='ltr'>pannonica</span> <span class='ocrx_word' id='word_1_375' title='bbox 641 4424 794 4510; x_wconf 78' lang='lat' dir='ltr'>Kidpera</span> <span class='ocrx_word' id='word_1_376' title='bbox 822 4425 1055 4509; x_wconf 74' lang='lat' dir='ltr'>aupesprocben</span> <span class='ocrx_word' id='word_1_377' title='bbox 1083 4423 1151 4488; x_wconf 83' lang='lat' dir='ltr'>und</span> <span class='ocrx_word' id='word_1_378' title='bbox 1180 4443 1240 4488; x_wconf 82' lang='lat' dir='ltr'>oon</span> <span class='ocrx_word' id='word_1_379' title='bbox 1269 4422 1375 4486; x_wconf 84' lang='lat' dir='ltr'>diesen</span> <span class='ocrx_word' id='word_1_380' title='bbox 1404 4443 1448 4487; x_wconf 83' lang='grc'>11</span> <span class='ocrx_word' id='word_1_381' title='bbox 1474 4421 1687 4486; x_wconf 81' lang='lat' dir='ltr'>Hanacmann</span> <span class='ocrx_word' id='word_1_382' title='bbox 1716 4420 1776 4483; x_wconf 83' lang='lat' dir='ltr'>den</span> 
     </span>
     <span class='ocr_line' id='line_1_36' title="bbox 232 4529 1317 4617; baseline -0.003 -20"><span class='ocrx_word' id='word_1_383' title='bbox 232 4533 377 4598; x_wconf 80' lang='lat' dir='ltr'>Kriintcr</span> <span class='ocrx_word' id='word_1_384' title='bbox 400 4536 434 4597; x_wconf 82' lang='lat' dir='ltr'>in</span> <span class='ocrx_word' id='word_1_385' title='bbox 456 4532 621 4615; x_wconf 78' lang='lat' dir='ltr'>Erbpachi</span> <span class='ocrx_word' id='word_1_386' title='bbox 643 4533 778 4617; x_wconf 77' lang='lat' dir='ltr'>pcpcben</span> <span class='ocrx_word' id='word_1_387' title='bbox 801 4532 927 4596; x_wconf 78' lang='lat' dir='ltr'>worden</span> <span class='ocrx_word' id='word_1_388' title='bbox 950 4535 1004 4596; x_wconf 85' lang='lat' dir='ltr'>sei.</span> <span class='ocrx_word' id='word_1_389' title='bbox 1052 4535 1140 4596; x_wconf 83' lang='lat'><em>1320</em></span> <span class='ocrx_word' id='word_1_390' title='bbox 1163 4529 1262 4596; x_wconf 77' lang='lat' dir='ltr'>Mdra</span> <span class='ocrx_word' id='word_1_391' title='bbox 1285 4535 1317 4594; x_wconf 87' lang='lat'>5.</span> 
     </span>
    </p>
   </div>
   <div class='ocr_carea' id='block_1_6' title="bbox 119 4667 1826 5723">
    <p class='ocr_par' dir='ltr' id='par_1_6' title="bbox 119 4667 1826 5723">
     <span class='ocr_line' id='line_1_37' title="bbox 223 4667 1775 4752; baseline -0.005 -11"><span class='ocrx_word' id='word_1_392' title='bbox 223 4673 298 4741; x_wconf 90' lang='lat' dir='ltr'>Wir</span> <span class='ocrx_word' id='word_1_393' title='bbox 313 4675 430 4741; x_wconf 85' lang='lat' dir='ltr'>Volrat</span> <span class='ocrx_word' id='word_1_394' title='bbox 454 4674 552 4740; x_wconf 91' lang='lat' dir='ltr'>ritter</span> <span class='ocrx_word' id='word_1_395' title='bbox 575 4673 776 4741; x_wconf 87' lang='lat' dir='ltr'>schultheize</span> <span class='ocrx_word' id='word_1_396' title='bbox 799 4676 863 4740; x_wconf 92' lang='lat' dir='ltr'>und</span> <span class='ocrx_word' id='word_1_397' title='bbox 890 4673 941 4739; x_wconf 89' lang='lat' dir='ltr'>dic</span> <span class='ocrx_word' id='word_1_398' title='bbox 966 4673 1098 4739; x_wconf 89' lang='lat' dir='ltr'>scheffiu</span> <span class='ocrx_word' id='word_1_399' title='bbox 1122 4692 1187 4739; x_wconf 92' lang='lat' dir='ltr'>von</span> <span class='ocrx_word' id='word_1_400' title='bbox 1203 4673 1455 4752; x_wconf 84' lang='lat' dir='ltr'>Frankenvord,</span> <span class='ocrx_word' id='word_1_401' title='bbox 1480 4670 1653 4735; x_wconf 88' lang='lat' dir='ltr'>bekennen</span> <span class='ocrx_word' id='word_1_402' title='bbox 1677 4667 1775 4734; x_wconf 80' lang='lat' dir='ltr'>olien-</span> 
     </span>
     <span class='ocr_line' id='line_1_38' title="bbox 119 4775 1774 4868; baseline -0.003 -22"><span class='ocrx_word' id='word_1_403' title='bbox 119 4781 199 4848; x_wconf 88' lang='grc'><strong>11111</strong></span> <span class='ocrx_word' id='word_1_404' title='bbox 223 4802 270 4849; x_wconf 90' lang='grc'>11</span> <span class='ocrx_word' id='word_1_405' title='bbox 293 4781 415 4848; x_wconf 88' lang='lat' dir='ltr'>diseme</span> <span class='ocrx_word' id='word_1_406' title='bbox 439 4781 738 4868; x_wconf 75' lang='lat' dir='ltr'>geinllwortigeme</span> <span class='ocrx_word' id='word_1_407' title='bbox 761 4780 874 4847; x_wconf 88' lang='lat' dir='ltr'>brieve</span> <span class='ocrx_word' id='word_1_408' title='bbox 898 4780 984 4846; x_wconf 90' lang='lat' dir='ltr'>allen</span> <span class='ocrx_word' id='word_1_409' title='bbox 1007 4783 1081 4862; x_wconf 92' lang='lat' dir='ltr'>den,</span> <span class='ocrx_word' id='word_1_410' title='bbox 1106 4778 1157 4844; x_wconf 93' lang='lat' dir='ltr'>die</span> <span class='ocrx_word' id='word_1_411' title='bbox 1180 4779 1214 4844; x_wconf 91' lang='lat' dir='ltr'>iu</span> <span class='ocrx_word' id='word_1_412' title='bbox 1238 4779 1381 4862; x_wconf 90' lang='lat' dir='ltr'>geseheu</span> <span class='ocrx_word' id='word_1_413' title='bbox 1405 4779 1484 4843; x_wconf 90' lang='lat' dir='ltr'>oder</span> <span class='ocrx_word' id='word_1_414' title='bbox 1507 4778 1651 4860; x_wconf 90' lang='lat' dir='ltr'>gehoren</span> <span class='ocrx_word' id='word_1_415' title='bbox 1674 4775 1774 4854; x_wconf 89' lang='lat' dir='ltr'>lesen,</span> 
     </span>
     <span class='ocr_line' id='line_1_39' title="bbox 121 4883 1776 4974; baseline -0.004 -20"><span class='ocrx_word' id='word_1_416' title='bbox 121 4892 177 4955; x_wconf 89' lang='lat' dir='ltr'>daz</span> <span class='ocrx_word' id='word_1_417' title='bbox 200 4909 264 4958; x_wconf 91' lang='lat' dir='ltr'>vor</span> <span class='ocrx_word' id='word_1_418' title='bbox 286 4908 349 4954; x_wconf 93' lang='lat' dir='ltr'>uus</span> <span class='ocrx_word' id='word_1_419' title='bbox 372 4908 511 4970; x_wconf 92' lang='lat' dir='ltr'>quameu</span> <span class='ocrx_word' id='word_1_420' title='bbox 527 4909 571 4956; x_wconf 89' lang='lat' dir='ltr'>an</span> <span class='ocrx_word' id='word_1_421' title='bbox 586 4888 714 4973; x_wconf 87' lang='lat' dir='ltr'>gerihte</span> <span class='ocrx_word' id='word_1_422' title='bbox 731 4887 785 4955; x_wconf 90' lang='lat' dir='ltr'>die</span> <span class='ocrx_word' id='word_1_423' title='bbox 801 4906 950 4954; x_wconf 89' lang='lat' dir='ltr'>ersamen</span> <span class='ocrx_word' id='word_1_424' title='bbox 964 4887 990 4974; x_wconf 73' lang='lat' dir='ltr'>ll</span> <span class='ocrx_word' id='word_1_425' title='bbox 1003 4887 1078 4953; x_wconf 93' lang='lat' dir='ltr'>lude</span> <span class='ocrx_word' id='word_1_426' title='bbox 1096 4939 1102 4952; x_wconf 94' lang='lat'>.</span> <span class='ocrx_word' id='word_1_427' title='bbox 1119 4939 1125 4951; x_wconf 93' lang='lat'><strong><em>.</em></strong></span> <span class='ocrx_word' id='word_1_428' title='bbox 1144 4889 1183 4952; x_wconf 94' lang='lat' dir='ltr'>de</span> <span class='ocrx_word' id='word_1_429' title='bbox 1208 4887 1415 4952; x_wconf 86' lang='lat' dir='ltr'>commeudur</span> <span class='ocrx_word' id='word_1_430' title='bbox 1430 4903 1496 4952; x_wconf 92' lang='lat' dir='ltr'>von</span> <span class='ocrx_word' id='word_1_431' title='bbox 1512 4889 1607 4950; x_wconf 91' lang='lat' dir='ltr'>sante</span> <span class='ocrx_word' id='word_1_432' title='bbox 1624 4884 1647 4950; x_wconf 94' lang='lat' dir='ltr'><strong>J</strong></span> <span class='ocrx_word' id='word_1_433' title='bbox 1648 4883 1776 4948; x_wconf 90' lang='lat' dir='ltr'>ohanne</span> 
     </span>
     <span class='ocr_line' id='line_1_40' title="bbox 120 4990 1776 5078; baseline -0.005 -17"><span class='ocrx_word' id='word_1_434' title='bbox 120 4999 173 5062; x_wconf 88' lang='lat' dir='ltr'>des</span> <span class='ocrx_word' id='word_1_435' title='bbox 202 4999 304 5063; x_wconf 86' lang='lat' dir='ltr'>husos</span> <span class='ocrx_word' id='word_1_436' title='bbox 334 4994 373 5062; x_wconf 81' lang='lat' dir='ltr'>zi</span> <span class='ocrx_word' id='word_1_437' title='bbox 395 4997 637 5064; x_wconf 80' lang='lat' dir='ltr'>Fraukenvord</span> <span class='ocrx_word' id='word_1_438' title='bbox 667 5015 732 5063; x_wconf 93' lang='lat' dir='ltr'>von</span> <span class='ocrx_word' id='word_1_439' title='bbox 763 4995 832 5062; x_wconf 89' lang='lat' dir='ltr'>sins</span> <span class='ocrx_word' id='word_1_440' title='bbox 863 5001 1022 5061; x_wconf 90' lang='lat' dir='ltr'>convents</span> <span class='ocrx_word' id='word_1_441' title='bbox 1053 5013 1180 5078; x_wconf 77' lang='lat' dir='ltr'>wegeu,</span> <span class='ocrx_word' id='word_1_442' title='bbox 1211 4990 1776 5075; x_wconf 64' lang='grc'><strong>1111111111(111],1111111111</strong></span> 
     </span>
     <span class='ocr_line' id='line_1_41' title="bbox 120 5095 1826 5186; baseline -0.005 -17"><span class='ocrx_word' id='word_1_443' title='bbox 120 5104 226 5171; x_wconf 90' lang='lat' dir='ltr'>Johau</span> <span class='ocrx_word' id='word_1_444' title='bbox 252 5103 417 5170; x_wconf 89' lang='lat' dir='ltr'>Zurchere</span> <span class='ocrx_word' id='word_1_445' title='bbox 440 5106 508 5169; x_wconf 89' lang='lat' dir='ltr'>und</span> <span class='ocrx_word' id='word_1_446' title='bbox 531 5105 591 5169; x_wconf 93' lang='lat' dir='ltr'>her</span> <span class='ocrx_word' id='word_1_447' title='bbox 605 5103 745 5186; x_wconf 91' lang='lat' dir='ltr'>Wigant</span> <span class='ocrx_word' id='word_1_448' title='bbox 768 5122 832 5169; x_wconf 92' lang='lat' dir='ltr'>von</span> <span class='ocrx_word' id='word_1_449' title='bbox 856 5102 1040 5185; x_wconf 82' lang='lat' dir='ltr'>Frideberg</span> <span class='ocrx_word' id='word_1_450' title='bbox 1062 5121 1128 5168; x_wconf 90' lang='lat' dir='ltr'>von</span> <span class='ocrx_word' id='word_1_451' title='bbox 1152 5106 1247 5166; x_wconf 89' lang='lat' dir='ltr'>sante</span> <span class='ocrx_word' id='word_1_452' title='bbox 1273 5101 1435 5183; x_wconf 84' lang='lat' dir='ltr'>Georgeu,</span> <span class='ocrx_word' id='word_1_453' title='bbox 1460 5117 1525 5166; x_wconf 93' lang='lat' dir='ltr'>von</span> <span class='ocrx_word' id='word_1_454' title='bbox 1548 5096 1615 5163; x_wconf 83' lang='lat' dir='ltr'>iuer</span> <span class='ocrx_word' id='word_1_455' title='bbox 1637 5098 1705 5162; x_wconf 93' lang='lat' dir='ltr'>und</span> <span class='ocrx_word' id='word_1_456' title='bbox 1729 5095 1776 5161; x_wconf 90' lang='lat' dir='ltr'>irs</span> <span class='ocrx_word' id='word_1_457' title='bbox 1823 5105 1826 5110; x_wconf 83' lang='lat'>&#39;</span> 
     </span>
     <span class='ocr_line' id='line_1_42' title="bbox 121 5201 1776 5294; baseline -0.004 -20"><span class='ocrx_word' id='word_1_458' title='bbox 121 5211 273 5293; x_wconf 87' lang='lat' dir='ltr'>capittels</span> <span class='ocrx_word' id='word_1_459' title='bbox 303 5229 431 5294; x_wconf 89' lang='lat' dir='ltr'>wegen,</span> <span class='ocrx_word' id='word_1_460' title='bbox 462 5210 522 5277; x_wconf 90' lang='lat' dir='ltr'>her</span> <span class='ocrx_word' id='word_1_461' title='bbox 551 5207 709 5276; x_wconf 86' lang='lat' dir='ltr'>Heinrich</span> <span class='ocrx_word' id='word_1_462' title='bbox 739 5206 1356 5293; x_wconf 69' lang='grc'><strong>11111111111111,,111111111111</strong></span> <span class='ocrx_word' id='word_1_463' title='bbox 1386 5208 1453 5271; x_wconf 92' lang='lat' dir='ltr'>und</span> <span class='ocrx_word' id='word_1_464' title='bbox 1483 5225 1542 5272; x_wconf 86' lang='lat' dir='ltr'>ver·</span> <span class='ocrx_word' id='word_1_465' title='bbox 1571 5203 1674 5286; x_wconf 83' lang='lat' dir='ltr'>Gysle</span> <span class='ocrx_word' id='word_1_466' title='bbox 1705 5201 1776 5268; x_wconf 83' lang='lat' dir='ltr'>zirm</span> 
     </span>
     <span class='ocr_line' id='line_1_43' title="bbox 126 5311 1777 5400; baseline -0.005 -17"><span class='ocrx_word' id='word_1_467' title='bbox 126 5318 296 5385; x_wconf 86' lang='lat' dir='ltr'>Swartzeu</span> <span class='ocrx_word' id='word_1_468' title='bbox 319 5317 518 5400; x_wconf 89' lang='lat' dir='ltr'>Hermanno,</span> <span class='ocrx_word' id='word_1_469' title='bbox 543 5319 609 5382; x_wconf 92' lang='lat' dir='ltr'>und</span> <span class='ocrx_word' id='word_1_470' title='bbox 640 5318 748 5382; x_wconf 90' lang='lat' dir='ltr'>baden</span> <span class='ocrx_word' id='word_1_471' title='bbox 778 5316 813 5382; x_wconf 94' lang='lat' dir='ltr'>in</span> <span class='ocrx_word' id='word_1_472' title='bbox 844 5315 897 5382; x_wconf 90' lang='lat' dir='ltr'>ein</span> <span class='ocrx_word' id='word_1_473' title='bbox 926 5315 1054 5400; x_wconf 88' lang='lat' dir='ltr'>gemein</span> <span class='ocrx_word' id='word_1_474' title='bbox 1083 5314 1183 5381; x_wconf 90' lang='lat' dir='ltr'>urteil</span> <span class='ocrx_word' id='word_1_475' title='bbox 1212 5316 1355 5394; x_wconf 88' lang='lat' dir='ltr'>werden,</span> <span class='ocrx_word' id='word_1_476' title='bbox 1380 5333 1431 5379; x_wconf 91' lang='lat' dir='ltr'>wo</span> <span class='ocrx_word' id='word_1_477' title='bbox 1459 5311 1506 5379; x_wconf 90' lang='lat' dir='ltr'>sie</span> <span class='ocrx_word' id='word_1_478' title='bbox 1529 5312 1577 5378; x_wconf 88' lang='lat' dir='ltr'>irs</span> <span class='ocrx_word' id='word_1_479' title='bbox 1600 5329 1777 5378; x_wconf 86' lang='lat' dir='ltr'>versezzen</span> 
     </span>
     <span class='ocr_line' id='line_1_44' title="bbox 121 5418 1775 5506; baseline -0.004 -18"><span class='ocrx_word' id='word_1_480' title='bbox 121 5423 224 5492; x_wconf 88' lang='lat' dir='ltr'>ziuses</span> <span class='ocrx_word' id='word_1_481' title='bbox 256 5423 296 5491; x_wconf 84' lang='lat' dir='ltr'>zd</span> <span class='ocrx_word' id='word_1_482' title='bbox 326 5424 440 5490; x_wconf 90' lang='lat' dir='ltr'>solden</span> <span class='ocrx_word' id='word_1_483' title='bbox 470 5429 609 5506; x_wconf 86' lang='lat' dir='ltr'>werten,</span> <span class='ocrx_word' id='word_1_484' title='bbox 635 5426 698 5489; x_wconf 88' lang='lat' dir='ltr'>deu</span> <span class='ocrx_word' id='word_1_485' title='bbox 721 5423 862 5489; x_wconf 89' lang='lat' dir='ltr'>Albreht</span> <span class='ocrx_word' id='word_1_486' title='bbox 893 5442 960 5490; x_wconf 90' lang='lat' dir='ltr'>von</span> <span class='ocrx_word' id='word_1_487' title='bbox 983 5423 1172 5490; x_wconf 84' lang='lat' dir='ltr'>Ovembaclr</span> <span class='ocrx_word' id='word_1_488' title='bbox 1202 5422 1294 5487; x_wconf 86' lang='lat' dir='ltr'>betto</span> <span class='ocrx_word' id='word_1_489' title='bbox 1324 5439 1501 5487; x_wconf 86' lang='lat' dir='ltr'>versezzen</span> <span class='ocrx_word' id='word_1_490' title='bbox 1531 5418 1564 5484; x_wconf 94' lang='lat' dir='ltr'>iu</span> <span class='ocrx_word' id='word_1_491' title='bbox 1580 5418 1660 5494; x_wconf 93' lang='lat' dir='ltr'>dem</span> <span class='ocrx_word' id='word_1_492' title='bbox 1684 5418 1775 5496; x_wconf 88' lang='lat' dir='ltr'>buse,</span> 
     </span>
     <span class='ocr_line' id='line_1_45' title="bbox 121 5525 1774 5611; baseline -0.004 -15"><span class='ocrx_word' id='word_1_493' title='bbox 121 5533 178 5597; x_wconf 86' lang='lat' dir='ltr'>daz</span> <span class='ocrx_word' id='word_1_494' title='bbox 209 5535 253 5599; x_wconf 89' lang='lat' dir='ltr'>da</span> <span class='ocrx_word' id='word_1_495' title='bbox 283 5537 454 5598; x_wconf 82' lang='lat' dir='ltr'>atawanue</span> <span class='ocrx_word' id='word_1_496' title='bbox 483 5550 554 5598; x_wconf 87' lang='lat' dir='ltr'>was</span> <span class='ocrx_word' id='word_1_497' title='bbox 583 5531 666 5596; x_wconf 90' lang='lat' dir='ltr'>bern</span> <span class='ocrx_word' id='word_1_498' title='bbox 690 5529 818 5595; x_wconf 84' lang='lat' dir='ltr'>Lutzeu</span> <span class='ocrx_word' id='word_1_499' title='bbox 849 5532 906 5595; x_wconf 88' lang='lat' dir='ltr'>dos</span> <span class='ocrx_word' id='word_1_500' title='bbox 937 5548 1088 5610; x_wconf 84' lang='lat' dir='ltr'>cremera,</span> <span class='ocrx_word' id='word_1_501' title='bbox 1121 5528 1321 5594; x_wconf 80' lang='lat' dir='ltr'>allennebest</span> <span class='ocrx_word' id='word_1_502' title='bbox 1351 5527 1488 5611; x_wconf 88' lang='lat' dir='ltr'>gelegen</span> <span class='ocrx_word' id='word_1_503' title='bbox 1519 5546 1562 5592; x_wconf 91' lang='lat' dir='ltr'>an</span> <span class='ocrx_word' id='word_1_504' title='bbox 1587 5527 1657 5590; x_wconf 92' lang='lat' dir='ltr'>dem</span> <span class='ocrx_word' id='word_1_505' title='bbox 1682 5525 1774 5598; x_wconf 87' lang='lat' dir='ltr'>huse,</span> 
     </span>
     <span class='ocr_line' id='line_1_46' title="bbox 122 5632 1777 5723; baseline -0.005 -20"><span class='ocrx_word' id='word_1_506' title='bbox 122 5641 179 5704; x_wconf 90' lang='lat' dir='ltr'>daz</span> <span class='ocrx_word' id='word_1_507' title='bbox 211 5643 254 5706; x_wconf 89' lang='lat' dir='ltr'>da</span> <span class='ocrx_word' id='word_1_508' title='bbox 286 5638 418 5705; x_wconf 67' lang='lat' dir='ltr'>heizet*</span> <span class='ocrx_word' id='word_1_509' title='bbox 444 5638 591 5719; x_wconf 89' lang='lat' dir='ltr'>Brusele,</span> <span class='ocrx_word' id='word_1_510' title='bbox 617 5636 693 5723; x_wconf 84' lang='lat' dir='ltr'>gein</span> <span class='ocrx_word' id='word_1_511' title='bbox 716 5637 789 5702; x_wconf 94' lang='lat' dir='ltr'>dem</span> <span class='ocrx_word' id='word_1_512' title='bbox 812 5638 893 5702; x_wconf 89' lang='grc'><strong>1181</strong></span> <span class='ocrx_word' id='word_1_513' title='bbox 917 5635 988 5702; x_wconf 80' lang='lat' dir='ltr'>uim</span> <span class='ocrx_word' id='word_1_514' title='bbox 1012 5637 1255 5702; x_wconf 90' lang='lat' dir='ltr'>Holderbaume</span> <span class='ocrx_word' id='word_1_515' title='bbox 1279 5636 1369 5716; x_wconf 90' lang='lat' dir='ltr'>uber,</span> <span class='ocrx_word' id='word_1_516' title='bbox 1394 5637 1461 5700; x_wconf 90' lang='lat' dir='ltr'>und</span> <span class='ocrx_word' id='word_1_517' title='bbox 1485 5653 1535 5701; x_wconf 90' lang='lat' dir='ltr'>wo</span> <span class='ocrx_word' id='word_1_518' title='bbox 1559 5632 1608 5698; x_wconf 88' lang='lat' dir='ltr'>sie</span> <span class='ocrx_word' id='word_1_519' title='bbox 1631 5637 1777 5698; x_wconf 86' lang='lat' dir='ltr'>vorwert</span> 
     </span>
    </p>
   </div>
   <div class='ocr_carea' id='block_1_7' title="bbox 387 5827 841 5882">
    <p class='ocr_par' dir='ltr' id='par_1_7' title="bbox 387 5827 841 5882">
     <span class='ocr_line' id='line_1_47' title="bbox 387 5827 841 5882; baseline -0.009 -8"><span class='ocrx_word' id='word_1_520' title='bbox 387 5837 410 5878; x_wconf 75' lang='grc'>11</span> <span class='ocrx_word' id='word_1_521' title='bbox 426 5833 476 5882; x_wconf 73' lang='lat' dir='ltr'>‚w</span> <span class='ocrx_word' id='word_1_522' title='bbox 491 5828 550 5874; x_wconf 74' lang='lat' dir='ltr'>tiber</span> <span class='ocrx_word' id='word_1_523' title='bbox 564 5829 608 5874; x_wconf 80' lang='lat' dir='ltr'>der</span> <span class='ocrx_word' id='word_1_524' title='bbox 623 5827 691 5873; x_wconf 74' lang='lat' dir='ltr'>Zeila</span> <span class='ocrx_word' id='word_1_525' title='bbox 704 5827 841 5872; x_wconf 76' lang='grc'><strong>1111111111.</strong></span> 
     </span>
    </p>
   </div>
   <div class='ocr_carea' id='block_1_8' title="bbox 0 0 2215 6402">
    <p class='ocr_par' dir='ltr' id='par_1_8' title="bbox 0 0 2215 6402">
     <span class='ocr_line' id='line_1_48' title="bbox 0 0 2215 6402; baseline 0 0"><span class='ocrx_word' id='word_1_526' title='bbox 0 0 2215 6402; x_wconf 95' lang='lat' dir='ltr'> </span> 
     </span>
    </p>
   </div>
  </div>
 </body>
</html>
