4402 6404
336 386 338 390 ’
391 379 457 444 424
1125 377 1196 431 1336
1214 377 1270 432 itai
1289 377 1314 434 2.

393 571 557 654 prelatum
588 579 785 654 secuturam,
818 577 859 640 ad
891 575 951 640 hoo
979 573 1218 641 defendendum
1242 573 1438 658 assignavit.
1485 575 1531 640 Et
1554 574 1607 640 iric
1631 574 1767 641 termino
1792 575 1839 640 sic
1862 573 2046 656 assignato.

392 678 581 746 Fridericus
604 681 744 764 Wegfitz
775 701 839 746 non
864 681 1056 763 comparuit,
1082 685 1137 748 sed
1163 702 1197 748 se
1225 681 1462 748 contumaciter
1486 681 1685 748 absentavit.
1733 683 1861 747 Rursus
1885 681 2048 747 officiatus

392 785 579 868 sepedictus
610 788 760 869 partibus
791 788 963 870 prelibatis
994 789 1092 854 alium
1118 789 1290 855 terminum
1314 788 1487 855 constituit
1509 809 1607 854 unam
1631 789 1837 870 quindenam,
1863 787 2047 870 predictam

393 893 588 973 quindenam
618 894 804 961 immediate
834 898 1102 978 subsequentem,
1139 916 1235 978 quam
1273 895 1442 962 Friderico
1473 897 1612 979 Wegfitz
1644 895 1840 977 tempestive
1869 894 2046 970 intimavit,

392 999 486 1081 ipso⁸
502 1000 670 1067 Friderico
683 1003 822 1086 Wegfitz
839 1003 1004 1069 residuum
1021 1024 1168 1070 mansum
1185 1000 1360 1069 defendere
1373 1000 1559 1083 renuente,¹‘
1581 1009 1615 1068 et
1627 1023 1662 1069 se
1674 1002 1795 1068 iterato
1808 1001 2048 1069 contumaciter

393 1107 623 1190 absentante‚⁰
649 1108 701 1174 hic
724 1110 926 1191 GerharduS,
959 1118 1052 1176 actor
1076 1109 1236 1193 prefatus
1266 1130 1306 1175 ex
1330 1118 1425 1192 parte
1449 1109 1648 1194 Hedewigia
1674 1108 1786 1175 uxou's
1809 1127 1866 1174 sue
1890 1107 2046 1192 legitime,

393 1213 558 1279 residuum
581 1234 728 1281 mansum
752 1215 855 1298 ipsius
877 1216 1038 1282 Friderici
1061 1238 1119 1298 per
1143 1217 1341 1284 sententiam
1365 1216 1570 1283 scabinorum
1594 1216 1671 1283 ville
1688 1217 1876 1300 Burnheym
1894 1214 2048 1299 legaliter

393 1318 493 1386 evicit
516 1326 549 1385 et
573 1320 675 1387 eidem
692 1323 864 1389 Gerhardo
888 1323 951 1388 rite
975 1331 1204 1406 perceptorum
1228 1328 1429 1404 damnorum,
1453 1325 1615 1390 interesse
1635 1328 1669 1389 et
1685 1343 1901 1405 expensarum
1918 1321 2048 1388 nomine

393 1425 504 1492 extitit
535 1427 765 1494 adiudicatum.
814 1429 983 1514 Quesitum
1006 1429 1071 1496 luit
1094 1431 1215 1497 iterato
1240 1451 1260 1497 a
1284 1430 1427 1496 scabinis
1451 1430 1527 1497 ville
1551 1431 1738 1512 Burnheym
1762 1437 1902 1510 protunc
1925 1427 2047 1493 iudicio

394 1531 475 1598 liora
499 1541 532 1598 et
554 1534 625 1600 loeo
650 1534 769 1600 debitis
794 1536 1035 1618 presidentibus
1060 1539 1101 1603 ab
1126 1541 1288 1604 advocato
1305 1537 1470 1604 Gerbardi
1488 1537 1668 1619 memorati,
1694 1557 1736 1602 an
1752 1535 1837 1603 idem
1854 1537 2049 1603 Gerhardus

393 1659 540 1705 mansum
565 1661 604 1706 ex
621 1642 805 1708 hereditate
822 1644 1022 1727 HedewigiS,
1048 1645 1159 1710 uxoris
1177 1665 1234 1710 sue
1250 1645 1404 1728 legitime,
1429 1651 1467 1710 ut
1483 1643 1673 1726 predicitur,
1697 1643 1843 1710 finaliter
1858 1643 1891 1709 in
1907 1637 2049 1708 iudiciod

394 1745 535 1812 evictum
566 1754 599 1813 et
630 1748 836 1816 nihilominus
861 1770 1017 1832 mansum,
1044 1772 1102 1833 per
1126 1755 1262 1817 eundem
1288 1753 1496 1820 Gerhardum
1520 1756 1748 1833 perceptorum
1772 1753 1975 1828 damnorum,
2001 1748 2049 1812 in-

394 1859 518 1918 teresse
542 1863 576 1920 et
599 1873 817 1937 expensarum
841 1857 969 1923 nomine
986 1857 1135 1923 similiter
1151 1858 1294 1924 finaliter
1310 1858 1461 1940 evictum,
1488 1864 1600 1940 posset
1616 1861 1799 1924 devendere
1816 1877 1872 1922 seu
1889 1855 2048 1922 alienare.

394 1959 458 2043 Qui
482 1960 609 2041 quidem
634 1962 761 2028 scabini
785 1971 860 2044 post
883 1963 1111 2046 iuramentum,
1137 1969 1221 2046 quod
1245 1965 1364 2032 iudicio
1389 1966 1576 2048 Burnheym
1601 1965 1828 2047 prestiterunt,
1853 1983 1911 2046 per
1935 1981 2050 2028 eorum

394 2067 590 2134 sententiam
607 2068 814 2136 diffinitivam
831 2072 1100 2154 pronunciarunt,
1119 2073 1204 2153 quod
1221 2092 1367 2138 mansum
1386 2071 1525 2154 priorem
1542 2091 1697 2137 unacum
1713 2069 1925 2153 Hedewige,⁰
1946 2088 2050 2134 uxore

393 2192 454 2238 sua
476 2174 632 2256 legitima,
657 2176 839 2242 devendere
865 2178 980 2260 possit,
1005 2179 1174 2245 Friderico
1191 2179 1331 2261 Wegfitz
1357 2181 1398 2244 ad
1422 2180 1483 2244 hoc
1507 2178 1635 2244 minime
1660 2177 1827 2258 requisito.
1868 2175 2051 2241 Residuum

393 2299 551 2362 mansum,
583 2281 646 2347 sibi
676 2290 903 2365 perceptorum
927 2285 1128 2365 damnorum,
1154 2286 1315 2351 interesse
1340 2291 1373 2351 et
1397 2305 1614 2368 expensarum
1639 2284 1767 2350 nomine
1790 2283 1932 2349 finaliter
1957 2281 2051 2348 adiu-

392 2386 537 2453 dicatum
554 2387 639 2453 idem
652 2390 843 2456 Gerlrardus
860 2391 966 2457 tribus
982 2391 1165 2472 quindeniS,
1182 2392 1369 2458 immediate
1387 2412 1445 2473 per
1462 2392 1607 2458 ordinem
1622 2389 1807 2458 successive
1824 2388 2049 2470 sequentibus,

394 2494 528 2559 deberet
551 2494 585 2560 in
608 2495 728 2562 iudicio
752 2497 906 2563 exhibere
931 2505 965 2564 et
988 2500 1201 2580 proclamare,
1228 2519 1270 2564 an
1294 2499 1414 2580 aliquis
1434 2519 1473 2564 ex
1490 2507 1586 2581 parte
1601 2497 1765 2564 Friderici
1780 2497 1920 2580 Wegfitz
1937 2501 1974 2560 et
1991 2515 2050 2577 pro

393 2600 464 2682 ipso
475 2601 560 2666 hunc
572 2621 719 2668 mansum
730 2624 788 2686 pro
800 2609 929 2670 centum
941 2613 973 2671 et
988 2605 1158 2671 XXlibris
1169 2602 1383 2672 hallensium¹
1399 2604 1554 2689 legalium
1564 2607 1765 2671 etbonorum
1776 2603 1935 2670 redimere
1948 2601 2051 2667 vellet

394 2712 427 2771 et
451 2707 588 2788 quitare.
626 2709 679 2776 Sic
696 2712 888 2778 Gerhardus
904 2712 1054 2794 prelatus
1072 2719 1248 2778 contentus
1264 2713 1359 2778 finita
1375 2712 1582 2779 diiierentiag
1601 2712 1810 2778 scabinorum
1826 2709 2051 2791 predictorum

394 2812 566 2893 quindenis
590 2817 747 2898 predictis
771 2818 984 2901 singulariter
1007 2840 1155 2886 mansum
1179 2820 1360 2902 predictum
1384 2820 1418 2886 in
1441 2819 1560 2885 iudicio
1585 2819 1661 2886 ville
1684 2818 1872 2900 Burnheym
1895 2818 1993 2881 modo
2018 2821 2051 2879 et

394 2917 508 3002 forma,
527 2922 643 3002 quibus
659 2924 782 3006 debuit,
800 2925 948 2992 exhibuit
965 2927 1092 3009 publice
1110 2935 1143 2993 et
1160 2928 1385 3010 proclamavit.
1422 2926 1543 2993 Finitis
1559 2924 1730 3008 quindenis
1743 2924 1851 2990 tribus
1863 2921 2051 2988 successive

394 3028 615 3112 proclamatis,
641 3033 749 3098 nullus
773 3053 813 3098 ex
838 3042 933 3116 parte
951 3036 978 3099 F
980 3036 1111 3101 riderici
1128 3037 1167 3102 W
1170 3037 1266 3120 egfitz
1291 3036 1395 3103 voluit
1419 3035 1577 3102 redimere
1601 3034 1653 3100 vel
1677 3031 1814 3099 redemit
1830 3050 1888 3096 seu
1904 3027 2053 3110 quitavit

393 3153 541 3200 mansum
553 3137 758 3219 prelibatum.
793 3141 980 3207 Iudicatum
993 3150 1044 3208 est
1056 3142 1176 3208 ibidem
1188 3143 1332 3209 finaliter
1345 3163 1402 3225 per
1416 3142 1567 3209 scabinos
1580 3140 1656 3206 ville
1670 3139 1856 3221 Burnheym
1870 3135 2051 3218 sepedicta,

394 3245 478 3321 quod
504 3245 696 3312 Gerbardus
727 3246 878 3329 prelatus
909 3270 1065 3332 mansum,
1098 3257 1327 3332 perceptorum
1358 3253 1559 3330 damnorum,
1587 3247 1748 3314 iuteresse
1773 3251 1807 3311 et
1830 3260 2052 3325 expensarum

394 3348 531 3430 nomine,
557 3353 598 3416 ab
623 3355 735 3419 eodem
759 3356 931 3422 Gerhardo
955 3357 1099 3424 finaliter
1123 3357 1274 3440 evictum,
1300 3377 1358 3439 pro
1383 3363 1511 3423 centum
1537 3362 1571 3422 et
1596 3355 1673 3421 XX.
1698 3348 1813 3418 librish
1837 3344 2052 3416 hunllensiumi

394 3453 499 3533 possit
529 3457 674 3541 obligare
705 3467 748 3542 et,
780 3461 808 3528 si
838 3463 984 3547 obligare
1013 3485 1076 3530 oon
1101 3461 1235 3546 vellet,k
1259 3468 1401 3530 vendere
1425 3470 1459 3530 et
1482 3463 1627 3530 alienare
1651 3460 1765 3544 possit,
1790 3457 1968 3524 secundnm
1994 3473 2052 3519 sue

393 3560 521 3627 libitum
552 3565 742 3634 voluntatis.
789 3569 851 3635 His
881 3570 993 3652 itaque
1025 3571 1173 3638 omnibus
1204 3579 1236 3637 et
1260 3571 1398 3655 singulis
1422 3570 1590 3653 predictis,
1616 3575 1653 3634 ut
1677 3565 1888 3650 premittitur,
1913 3581 2052 3644 prorsus

395 3669 548 3751 peractis
586 3673 777 3741 Gerhardus
808 3683 841 3742 et
871 3677 1070 3760 HedewigiS,
1107 3678 1262 3762 coniuges
1293 3677 1474 3758 memorati,
1509 3674 1656 3743 unanimi
1690 3691 1852 3740 consensu
1886 3687 2052 3750 manuque

395 3775 652 3844 communicata¹
679 3784 760 3848 duos
790 3803 921 3850 mansos
953 3785 1118 3865 predictos
1150 3805 1208 3867 pro
1239 3793 1332 3851 certa
1362 3785 1497 3868 pecunie
1526 3803 1651 3849 summa
1678 3780 1832 3847 discretis
1856 3776 2052 3860 coniugibus

395 3882 580 3951 Rulmanno
600 3886 687 3953 dicto
704 3890 744 3954 de
761 3889 943 3975 Limppurg
967 3898 1000 3957 et
1017 3893 1121 3972 Clare,
1146 3893 1239 3958 uxori
1257 3912 1314 3958 sue
1331 3891 1484 3975 legitime,
1509 3887 1683 3972 oppidanis
1699 3883 2049 3962 Francoiurteusibus,

393 3988 480 4055 iusto
504 3993 702 4061 venditionis
727 3995 823 4062 titulo
847 3998 1074 4078 vendiderunt,
1101 4006 1134 4064 et
1157 3999 1366 4065 nihilominus
1390 3999 1582 4064 Gerhardus
1606 4003 1639 4061 et
1662 3993 1861 4077 Hedewigis,
1894 3991 2051 4073 coniuges

393 4097 572 4181 sepelati‚¹n
586 4119 719 4167 mansus
744 4103 908 4185 predictos
932 4105 965 4169 in
989 4105 1109 4171 iudicio
1134 4105 1209 4172 ville
1233 4107 1421 4189 Burnheym
1444 4123 1542 4170 manu
1566 4098 1820 4170 communicata¹
1841 4118 1929 4165 more
1954 4097 2051 4165 solito

394 4204 522 4286 pubfice
553 4207 773 4291 resignarunt,
804 4211 890 4276 omni
912 4211 1011 4292 iuri‚¹¹
1036 4212 1169 4299 [quod]⁰
1193 4214 1365 4279 Gerhardo
1396 4219 1430 4276 et
1453 4209 1628 4294 Heuwigir
1651 4209 1685 4275 in
1716 4209 1837 4274 eisdem
1861 4226 1919 4272 seu
1944 4207 2051 4270 altero

394 4311 539 4393 ipsorum
570 4323 709 4396 protunc
741 4325 878 4399 possetq
901 4327 1094 4401 competere,
1127 4319 1160 4384 in
1185 4320 1332 4385 ultimum
1357 4318 1501 4385 loturum
1526 4317 1768 4383 renunciantes
1817 4313 1995 4380 Celebrate
2019 4317 2050 4376 et

395 4425 471 4485 aeta
494 4418 558 4486 fuit
581 4423 640 4488 bec
664 4424 846 4508 recognitio
870 4445 956 4492 anno
981 4426 1110 4507 domini,
1142 4427 1329 4508 indictione,
1356 4426 1558 4509 pontificatu,
1583 4443 1704 4506 mense,
1729 4422 1790 4502 die,
1815 4423 1897 4487 liora
1921 4426 1956 4485 et
1981 4419 2050 4484 loro

396 4527 545 4607 superius
567 4528 633 4594 iam
657 4531 791 4612 notatis
817 4533 1024 4614 presentibus
1049 4540 1082 4599 et
1106 4534 1397 4599 circumstantibus
1421 4531 1590 4599 honoratis
1607 4538 1640 4596 et
1657 4528 1808 4596 discretis
1825 4527 1921 4594 viris:
1947 4527 2051 4590 Hart-

395 4635 490 4698 mudo
504 4634 590 4701 dicto
601 4638 640 4702 de
653 4638 872 4723 Gruninberg,
886 4640 1010 4706 vicario
1024 4641 1160 4707 ecclesie
1173 4641 1292 4706 montis
1304 4649 1418 4706 sancte
1428 4640 1534 4706 Maria
1545 4638 1579 4704 in
1590 4634 1838 4704 Frankeniurtl
1855 4633 2049 4716 presbitero,

395 4739 585 4822 Cralthone,
608 4751 687 4809 nato
704 4749 866 4824 quondam
883 4747 1010 4813 Nicolai
1026 4748 1107 4814 dicti
1123 4747 1227 4830 Cralt,
1253 4747 1396 4813 Henrico
1414 4747 1501 4812 dicto
1519 4749 1558 4811 de
1575 4743 1829 4827 Heldeubergiu,
1854 4741 2049 4818 Katherina,

395 4854 500 4913 matre
517 4847 706 4917 Craitlronis
730 4851 793 4928 iam
818 4853 906 4934 dicti,
932 4861 965 4919 et
990 4875 1085 4936 quam
1111 4855 1257 4936 pluribus
1282 4854 1354 4920 aliis
1378 4856 1441 4920 fide
1462 4853 1579 4937 dignis,
1605 4855 1646 4918 ad
1669 4850 1830 4934 premissa
1845 4847 1976 4916 vocatis
1993 4865 2049 4928 pro

395 4954 535 5021 testibus
566 4963 599 5021 et
629 4959 764 5041 rogatis
811 4961 860 5026 Es
887 4962 969 5046 solqt
999 4964 1049 5026 die
1072 4964 1289 5044 Sobscripiiou
1316 4964 1371 5026 des
1395 4963 1516 5027 Note-rs
1539 4961 1671 5026 Bortold
1694 4959 1860 5024 Rulrnurm
1882 4953 2050 5040 (,opidani

394 5061 696 5147 Francolurtensis,
728 5067 838 5132 clerici
861 5067 1050 5150 Mogontine
1074 5069 1222 5150 diocesis,
1248 5068 1370 5150 publici
1394 5068 1595 5134 auctoritate
1618 5064 1780 5148 imperiali
1803 5061 1962 5146 notarii‘)
1986 5063 2050 5126 rand

394 5171 450 5233 der
472 5170 840 5257 Besicprlunpscertnerle
863 5177 918 5240 des
944 5176 1225 5258 Propsteiofficiols
1250 5199 1307 5241 raon
1330 5179 1375 5243 St.
1402 5177 1675 5241 Bartholomaeus.

607 5296 748 5362 Abaelrrift
769 5298 907 5352 lv'iclrarde
928 5299 958 5352 in
976 5299 1065 5353 seiner
1085 5300 1443 5366 Gescbteelrterfiesclricbte,
1474 5299 1570 5366 Weiss,
1600 5297 1730 5352 Urlcuude
1751 5296 1801 5352 No.
1817 5300 1843 5362 l,
1870 5295 1923 5360 (st.
1938 5294 1971 5347 A.
1986 5295 2048 5358 Fr.)

660 5388 730 5441 noel
748 5387 807 5440 dem
828 5387 874 5443 Or.
893 5388 931 5442 im
951 5389 1051 5443 Arclriv
1069 5389 1117 5443 der
1138 5389 1340 5454 Gorrerbscltost
1359 5387 1559 5458 Ait-Limpurq
1576 5403 1611 5442 au
1631 5384 1799 5451 Fronlrfurt.
1838 5385 1894 5438 Die
1907 5382 2050 5447 abactam

660 5476 696 5530 ist
716 5493 753 5530 aa
772 5477 856 5530 stelen
875 5476 975 5531 Stellam
994 5479 1144 5532 ersicbtlicb
1163 5478 1319 5543 felrlerlvost.

660 5605 684 5646 a)
699 5597 824 5643 Ftehard:
845 5599 927 5653 „lpsl“.
956 5599 979 5648 b)
997 5599 1125 5643 Fiehard:
1145 5601 1295 5652 „maneant
1322 5603 1345 5652 c)
1360 5599 1488 5643 Fictard:
1508 5598 1685 5652 „absententl‘t
1712 5597 1879 5649 d)Fic1rard:
1899 5596 2049 5650 „indicturus

607 5673 629 5717 ο)
644 5669 771 5713 Ftchard:
785 5671 945 5724 „lledewlgl“.
969 5671 989 5720 ἰ)
1004 5670 1131 5715 Flebard:
1144 5672 1329 5725 „ballerorum“.
1352 5677 1377 5724 g)
1392 5671 1462 5714 Aucti
1476 5671 1531 5715 luter
1545 5673 1611 5715 wdre
1624 5670 1760 5715 morlacas:
1773 5668 1855 5723 „finali
1871 5669 2011 5712 Μῶαν*
2020 5679 2048 5708 ιιι

608 5741 709 5785 bersern.
726 5742 750 5794 h)
761 5742 888 5786 Fichard:
897 5743 1008 5795 ,.libros“.
1023 5743 1041 5796 ί)
1049 5743 1178 5787 Ficlzord:
1186 5743 1369 5798 „ballerorurn¹·.
1384 5743 1408 5794 k)
1417 5741 1544 5786 Fiefiard:
1554 5743 1682 5797 ,melmae
1697 5741 1715 5794 l)
1723 5741 1850 5786 Fickard:
1859 5741 2047 5794 „comunlo⁸t⁸·⁴·

607 5820 638 5864 m)
649 5813 775 5858 Ficfiard:
785 5815 928 5868 „stupefiatc‘·¹
949 5823 975 5866 ιι)
986 5814 1112 5860 Fe’clrard:
1123 5816 1210 5869 „iure··.
1232 5818 1255 5865 ο)
1265 5815 1340 5859 ΜΗ
1350 5815 1386 5859 bei
1397 5813 1517 5859 Ficfiord.
1539 5817 1562 5869 p)
1573 5813 1700 5860 uectura.-
1709 5813 1868 5868 „liodwlglsfi
1889 5813 1914 5866 q)
1926 5809 2049 5858 Fausta:

607 5889 711 5940 „prosam¹
739 5891 761 5940 r)
777 5886 903 5932 Ficbard:
916 5888 957 5941 „ln
971 5890 1016 5933 Ν.
