4436 6404
925 295 994 350 132⁶
1013 295 1069 352 ltu
1088 298 1129 352 ts.
1784 305 1850 372 209

197 496 333 558 nostros
358 491 622 558 commissan'os·
646 491 882 560 destinabimus
906 496 947 560 ad
971 493 1193 578 recipiendum
1210 503 1244 562 et
1259 495 1509 564 examinandum
1525 503 1639 580 testes,
1664 518 1744 581 quos
1760 506 1852 566 utra

193 619 258 680 qne
281 618 362 681 pars
385 599 440 667 vel
462 599 571 666 altera
592 598 737 682 ipsarum
760 599 794 666 in
818 599 904 668 dicto
927 601 1065 685 negocio
1090 602 1221 669 duxerit
1236 603 1472 686 producendos.
1520 604 1644 672 Datum
1659 606 1849 690 Aselraffca-

195 707 288 791 berry,
313 704 403 774 feria
426 706 542 788 quinta
565 705 725 789 predicta,
750 726 836 774 auno
861 707 982 774 domini
1004 707 1174 776 millesimo
1199 703 1260 780 ech.
1281 709 1416 777 XXV‘t

412 847 458 904 or.
472 849 561 919 efflat
579 823 629 904 suat
648 849 859 919 ausaausa,
880 851 1066 922 acatalepton
1079 851 1167 920 supa
1185 851 1231 906 aa
1245 851 1411 907 saeuas.
1448 851 1487 908 a.
1500 855 1535 908 n.
1551 853 1601 908 aa.
1615 853 1850 920 melfettanum

463 939 516 993 No.
531 942 548 993 9
567 940 627 1004 (A.)
665 939 739 992 Eine
750 939 842 994 aweitc
859 941 1161 1010 pleiehlauteadc
1178 941 1381 1012 Auafcrtipuap
1392 941 1443 996 mil
1454 941 1537 1012 udllip
1547 943 1748 998 cumaclensem
1761 943 1849 1014 Siepel

462 1029 498 1083 ist
515 1027 748 1093 Hedsruuenatift
767 1028 821 1083 No.
835 1031 871 1084 10
890 1031 950 1095 (Β.)

411 1118 509 1173 Gella:
526 1117 705 1183 Wdrdltoeia,
725 1117 819 1174 Dicet.
831 1119 916 1188 Moy,
935 1119 979 1188 II,
998 1123 1058 1174 699.

188 1511 280 1588 273.
307 1519 507 1600 Erebischof
528 1517 673 1586 Mallius
699 1541 757 1585 uon
779 1519 895 1585 Mutua
918 1520 1039 1601 herialdi
1060 1523 1138 1585 auci
1161 1522 1335 1586 humantes
1360 1521 1550 1588 Gemilicbcu
1573 1543 1634 1588 aas
1657 1521 1845 1606 Aschuffen·

308 1629 399 1711 brerp,
432 1627 492 1691 deu
520 1625 622 1692 durch
653 1625 828 1692 Heilmaua
858 1625 992 1707 Froscb,
1028 1627 1230 1711 pclepeutliclv
1260 1629 1316 1694 der
1349 1629 1591 1715 beahsiclrtiplca
1621 1628 1846 1715 Beprdnduap

306 1736 364 1800 des
387 1733 638 1817 Kollepe'atstifts
661 1755 703 1797 au
726 1732 933 1815 Isiebsraaen,
957 1733 1127 1798 erhebenen
1150 1734 1323 1817 Aaspracb
1345 1737 1410 1817 aas
1429 1735 1490 1801 das
1507 1734 1664 1802 Polroaat
1686 1756 1747 1801 voa
1768 1740 1846 1802 awce'

310 1841 465 1906 Vilcore'ca
487 1844 522 1904 in
544 1840 600 1905 der
622 1839 938 1922 Liedfrauealcupelle
959 1862 1001 1905 aa
1018 1840 1142 1922 priifcn
1164 1842 1231 1907 aad
1253 1843 1313 1908 das
1335 1841 1496 1927 Erpebais
1518 1844 1574 1909 der
1602 1842 1844 1929 Uulcrsucbuny

306 1944 383 2028 ilr'm,
408 1947 477 2012 dem
499 1945 703 2028 Erebischof,
727 1947 945 2012 mdeuthcilen.
993 1947 1183 2028 Amorbach,
1210 1953 1296 2014 1325
1319 1949 1394 2015 Mai
1417 1955 1469 2015 15.

294 2088 443 2156 Mathias
476 2088 528 2154 dei
557 2087 673 2172 gracia
702 2093 817 2154 sancte
847 2087 1037 2172 Moguntinc
1067 2088 1155 2156 sedis
1185 2089 1471 2174 archiepiscopus,
1509 2092 1596 2159 sacri
1625 2091 1755 2174 imperii
1784 2112 1844 2176 per

185 2195 402 2265 Germaniam
432 2194 752 2261 archicancellarius.
807 2192 946 2261 Dilectis
977 2193 1011 2260 in
1041 2195 1171 2262 Christo
1203 2249 1236 2267 ..
1268 2195 1397 2263 custodi
1427 2203 1460 2264 et
1490 2197 1650 2282 magistro
1672 2199 1842 2266 Walthero

184 2302 389 2396 cellaonico,
415 2299 553 2384 officiali,
578 2300 973 2385 Aschaffinbdrgense'bus,
998 2301 1138 2367 salutem
1168 2302 1204 2368 in
1234 2303 1374 2370 domino
1421 2305 1461 2369 In
1492 2323 1595 2371 causa
1623 2323 1681 2371 seu
1705 2305 1841 2388 negocio

183 2408 411 2478 institucionis
436 2413 470 2476 et
493 2407 669 2475 erectionis
694 2407 823 2491 collegii
845 2407 881 2472 in
897 2408 1025 2490 capella
1042 2415 1157 2475 sancte
1172 2409 1288 2492 Marie,
1313 2409 1382 2478 sita
1398 2410 1424 2495 ll
1441 2410 1476 2477 in
1491 2417 1600 2479 monte
1617 2411 1706 2478 dicto
1722 2411 1841 2478 Rosse

183 2516 282 2584 bhhel
315 2515 405 2599 opidi
428 2514 769 2598 Frankenvordensis,
795 2520 908 2580 nostre
932 2517 1090 2598 dyocesis,
1116 2518 1159 2581 ad
1182 2515 1334 2583 humilem
1358 2523 1392 2583 et
1414 2519 1568 2585 devotam
1592 2517 1785 2585 dilectarum
1808 2517 1842 2584 in

184 2623 319 2691 Christo
335 2621 526 2702 Katherine,
552 2621 666 2688 relicte
690 2623 853 2703 quondam
869 2620 897 2708 ΙΙ
910 2621 1091 2705 Wigelonis
1115 2624 1154 2689 de
1168 2621 1369 2707 Wanebach,
1395 2629 1429 2690 et
1445 2623 1577 2707 Gysele,
1602 2624 1716 2692 relicte
1741 2643 1842 2706 quon-

183 2734 261 2798 dam
276 2729 462 2813 Wigelonis
492 2727 573 2795 dicti
596 2729 704 2810 Rana,
729 2727 937 2794 scabinorum
960 2728 1338 2812 Frankenvordensium,
1364 2750 1498 2812 precum
1520 2730 1727 2813 instanciam,
1752 2749 1842 2798 asse·

181 2837 332 2905 rencium
363 2834 427 2901 sibi
455 2834 506 2902 ius
530 2840 728 2918 patronatus
751 2834 785 2901 in
809 2834 899 2902 dicta
922 2836 1050 2919 capella
1073 2842 1258 2919 conpetere,
1283 2836 1444 2920 faciende,
1469 2837 1759 2921 proclamationem
1782 2857 1842 2920 per

181 2943 365 3010 discretum
394 2942 501 3008 virum
526 2995 559 3010 ..
585 2942 759 3023 plebanum
789 2941 823 3008 in
846 2941 1081 3010 Frankenvort
1111 2943 1183 3010 lieri
1211 2941 1349 3010 lecimus
1379 2944 1575 3028 generalem,
1600 2950 1637 3010 ut
1668 2963 1779 3011 omnes
1807 2954 1840 3011 et

180 3050 317 3134 singuli,
343 3049 398 3131 qui
427 3068 489 3115 sua
521 3052 693 3115 crederent
724 3048 895 3131 interesse,
922 3068 1032 3116 coram
1062 3050 1156 3116 nobis
1186 3049 1221 3116 in
1251 3057 1341 3117 certo
1366 3054 1408 3116 ad
1432 3052 1493 3118 hoc
1517 3053 1675 3134 deputato
1698 3052 1839 3119 termino

180 3163 415 3241 conparerent,
440 3159 480 3222 de
504 3175 563 3222 suo
586 3155 657 3222 iure
681 3163 715 3222 et
737 3155 898 3223 interesse
922 3155 1082 3240 legittime
1106 3157 1281 3224 ostensuri.
1329 3159 1399 3244 Quo
1423 3158 1562 3224 termino
1579 3157 1671 3225 finali
1687 3179 1727 3225 ex
1743 3166 1840 3241 parte

180 3263 357 3348 prudentis
386 3262 451 3332 viri
480 3261 669 3328 Heilmanni
699 3262 777 3328 dicti
809 3263 967 3346 Froysch,
1000 3263 1133 3345 opidani
1155 3263 1497 3348 Franhenvordensis,
1523 3316 1555 3332 ..
1582 3265 1741 3348 plebanus
1765 3285 1839 3348 pre-

180 3371 293 3438 dictus
324 3377 357 3436 et
388 3369 564 3436 Bertoldus
596 3372 635 3464 de
658 3369 827 3453 Walstad,
859 3369 1020 3454 opidanus
1050 3370 1398 3454 Frankenvordensis,
1424 3378 1663 3459 procuratores
1694 3373 1735 3439 ab
1765 3371 1837 3455 ipso

178 3479 389 3563 Heylmanno
421 3483 456 3542 et
484 3475 552 3542 suis
575 3475 750 3542 heredibus
780 3496 879 3559 super
908 3477 969 3544 hoo
994 3477 1028 3543 in
1052 3478 1191 3544 solidum
1215 3477 1397 3561 constituti,
1423 3497 1482 3560 pro
1505 3479 1577 3562 ipso
1601 3477 1686 3544 Heii.
1712 3483 1745 3545 et
1769 3477 1837 3544 suis

178 3584 360 3652 heredibus
384 3582 512 3649 nomine
536 3582 764 3665 procuratorio
788 3582 824 3649 in
847 3584 954 3650 nostri
976 3585 1145 3666 presentia
1167 3571 1403 3667 comparebant,
1428 3584 1462 3651 in
1485 3587 1612 3651 duabus
1628 3583 1763 3652 vicariis
1780 3603 1837 3651 seu

178 3690 351 3759 beneficiis
373 3690 637 3757 sacerdotalibus
660 3689 695 3756 in
718 3690 807 3756 dicta
831 3691 959 3773 capella
980 3690 1062 3774 ipsis
1085 3691 1136 3758 ius
1159 3697 1357 3775 patronatus
1382 3698 1556 3774 conpetere
1580 3698 1778 3774 asserentes,
1803 3699 1837 3760 et

179 3800 352 3880 petebant,
365 3818 407 3864 ne
424 3800 466 3863 ad
481 3796 666 3864 huiusmodi
678 3797 924 3864 institucionem
940 3804 974 3863 et
990 3797 1118 3882 collegii
1133 3797 1330 3865 erectionem
1346 3801 1596 3881 procederemus
1610 3798 1645 3865 in
1661 3802 1836 3866 eorundem

178 3904 381 3988 Heylmanni
405 3911 439 3970 et
462 3923 594 3970 suorum
618 3904 773 3970 heredum
797 3903 1009 3986 preludicium
1033 3911 1067 3971 et
1082 3924 1277 3989 gravamen:
1303 3924 1363 3974 nos
1378 3905 1490 3990 igitur,
1515 3905 1668 3988 partibus
1684 3904 1835 3972 hincinde

177 4033 222 4079 ex
247 4011 343 4080 officii
365 4011 472 4079 nostri
495 4011 605 4078 debito
629 4010 799 4093 cupientes
823 4009 1018 4078 satisfacere
1043 4017 1077 4077 et
1099 4011 1258 4093 volentes,
1283 4010 1477 4078 discrecioni
1497 4018 1618 4094 vestre,
1644 4018 1742 4094 prout
1757 4011 1835 4080 viva

177 4139 263 4186 voce
293 4118 387 4186 vobis
419 4118 618 4186 commisisse
648 4117 860 4200 meminhnus,
886 4117 1116 4184 committimus
1147 4125 1181 4202 et
1202 4120 1406 4201 mandamus,
1430 4123 1588 4200 quatenus
1612 4117 1735 4200 statim,
1761 4137 1835 4184 cum

176 4226 333 4309 requisiti
348 4225 490 4308 lueritiS,
515 4232 684 4309 assumpto
701 4225 795 4295 vobis
811 4227 834 4292 J
836 4225 973 4306 ohanne,
999 4224 1177 4300 tabellione
1192 4223 1524 4311 Aschalliuburycnsi,
1547 4224 1676 4308 publico
1693 4209 1833 4306 notario,

175 4343 226 4416 nt,
253 4334 284 4399 si
306 4352 388 4416 opus
410 4331 523 4415 fuerit,
548 4353 597 4415 ea,
623 4352 685 4414 que
708 4332 927 4414 invenientur,
952 4333 986 4398 in
1010 4331 1173 4415 pubhcam
1192 4330 1332 4399 formam
1347 4333 1488 4416 redigat,
1514 4331 1645 4415 opidum
1660 4330 1834 4398 Franken-

174 4446 256 4510 vort
287 4439 505 4522 personaliter
529 4439 735 4520 accedentes,
760 4446 792 4506 et
817 4439 945 4506 vocatis
969 4442 1012 4506 ad
1035 4438 1141 4508 vestri
1164 4438 1368 4521 presenciam
1392 4439 1578 4522 evocandis,
1603 4438 1675 4507 vice
1698 4444 1733 4504 et
1756 4457 1833 4505 auc-

174 4547 320 4616 toritate
350 4553 466 4614 nostra
496 4547 605 4613 omnia
633 4545 716 4628 iura,
742 4547 963 4614 instrumenta
993 4554 1026 4612 et
1057 4531 1260 4613 munimenta
1290 4567 1311 4612 a
1340 4545 1491 4629 partibus
1522 4545 1684 4628 hincinde,
1709 4546 1738 4612 si
1768 4566 1833 4628 qua

172 4657 305 4722 habent
335 4661 369 4720 et
393 4653 610 4736 exhibuerint,
635 4673 735 4736 super
758 4654 855 4721 dictis
879 4672 981 4721 causa
1005 4659 1038 4720 et
1061 4651 1197 4737 negocio
1220 4653 1255 4720 in
1279 4653 1412 4736 scriptis
1436 4653 1616 4737 recipiatis,
1642 4639 1675 4720 et
1699 4653 1727 4720 si
1750 4673 1832 4734 quas

173 4760 397 4846 probaciones
426 4759 509 4826 lacti
539 4767 573 4828 et
602 4760 636 4827 in
667 4759 757 4827 iacto
788 4760 1007 4828 consistentes
1038 4780 1096 4843 per
1126 4766 1230 4827 testes
1260 4759 1371 4827 lacere
1395 4761 1568 4844 voluerint,
1593 4779 1663 4842 vos,
1688 4761 1832 4844 receptis

171 4871 324 4953 ipsorum
355 4867 488 4934 testium
517 4867 721 4949 iuramentis,
746 4867 892 4952 ipsisque
919 4868 1094 4953 diligenter
1118 4867 1324 4951 examinatis,
1350 4887 1398 4950 ea,
1424 4888 1486 4950 que
1509 4867 1711 4950 inveneritis
1737 4868 1831 4935 nobis

172 4977 208 5042 in
236 4974 382 5058 scriptis,
408 4975 528 5042 vestris
552 4975 668 5060 sigillis
693 4975 848 5059 sigillatis
872 4982 906 5042 et
929 4975 1137 5058 interclusis„
1151 4974 1292 5043 fideliter
1314 4975 1503 5059 remittatis,
1529 4983 1567 5042 ut
1590 4959 1768 5042 secundum
1792 4995 1831 5042 ea

171 5083 210 5150 in
236 5083 326 5149 dioto
350 5081 485 5166 negocio
510 5089 543 5150 et
567 5086 610 5149 ad
632 5082 763 5150 finalem
787 5082 856 5150 eius
880 5081 1124 5166 expedicionem
1140 5085 1318 5165 procedere
1334 5081 1513 5150 valeamus.
1562 5083 1830 5149 contradictores

172 5198 207 5257 et
241 5189 382 5256 rebelles
411 5209 471 5272 per
502 5209 675 5256 censuram
705 5189 964 5257 ecclesiasticam
995 5192 1229 5273 conpescendo.
1288 5189 1407 5272 Testes
1438 5189 1553 5272 etiam,
1586 5189 1642 5270 qui
1671 5187 1831 5256 nominati

171 5295 312 5375 inerint,
338 5295 367 5362 si
390 5315 425 5362 se
447 5296 570 5380 gracia,
595 5296 669 5363 odio
694 5297 747 5364 vel
763 5296 879 5363 timore
895 5295 1133 5378 subtraxerint,
1160 5314 1300 5362 censura
1316 5295 1467 5363 similiter
1484 5294 1678 5378 conpellatis
1695 5295 1830 5364 veritati

172 5402 399 5470 testimonium
423 5403 605 5486 perhibere.
654 5403 777 5470 Datum
799 5404 997 5486 Amorbach,
1021 5403 1095 5469 idus
1118 5401 1205 5485 maii,
1231 5421 1317 5469 anno
1341 5402 1462 5468 domini
1484 5403 1524 5470 rh.
1546 5396 1608 5471 coh.
1631 5382 1738 5471 XXV.

393 5544 438 5599 Or.
452 5545 540 5615 Ppmt.
578 5546 640 5600 Das
658 5545 835 5616 ablvaupeudc
853 5546 940 5616 δέσμει
958 5546 994 5600 ist
1013 5546 1173 5616 abpefullea.
1211 5544 1249 5599 st.
1263 5547 1297 5598 A.
1313 5545 1363 5599 Fr.
1402 5543 1634 5612 Iziadfruucnsta'sl
1653 5545 1706 5599 No.
1720 5547 1780 5598 812.

443 5722 467 5772 al
482 5721 510 5762 Α.
527 5721 725 5771 ,conmissurus-

224 5880 392 5924 sanaturus
408 5881 603 5925 urkundenbuch
618 5882 645 5924 ll.
1668 5875 1701 5928 27
