4416 6414
351 339 371 402 8
428 358 440 379 ··
882 340 951 394 1315
971 339 1093 394 Febrnar
1113 340 1130 397 8
1150 369 1183 380 -
1204 341 1273 394 1315
1292 340 1414 396 Februar
1434 341 1475 398 16.

351 535 488 602 ecclesie
516 543 629 602 nostre
657 536 804 618 predicte
828 537 1037 619 presentibus
1061 545 1112 604 est
1136 557 1327 620 appensum.
1376 538 1499 604 Datum
1523 559 1609 604 anno
1634 540 1754 607 domini
1778 541 1818 606 rb.
1838 543 1902 606 cce.
1921 519 2003 622 Xi',

355 643 415 708 XI.
442 642 603 709 kalendas
627 641 797 710 februarii.

566 785 612 839 Or.
626 785 714 855 Ppmt.
752 786 814 839 Dua
832 785 1012 854 abdarrperrde
1023 785 1190 857 Stittaer'epel
1207 788 1244 841 ist
1257 794 1339 843 etwas
1352 789 1513 858 bcaclrc'tdr'pt.
1545 788 1583 843 St.
1600 789 1630 842 A.
1646 789 1695 842 Fr.
1710 790 1808 843 Bortlr.
1823 789 1862 842 St.
1877 789 1933 842 Nc.
1947 792 2005 843 985.

566 873 966 942 chr.:13.,411naeucem
989 873 1055 930 Or..

352 1250 416 1326 10.
441 1258 552 1344 Kc'r'rrc'p
576 1259 714 1345 Ludruip
744 1261 870 1326 scbcnlct
895 1262 956 1326 dcrr
978 1261 1193 1328 Jotarmrrcrc
1217 1266 1250 1326 in
1273 1261 1467 1344 Franlrfrcrt,
1493 1263 1540 1328 bri
1563 1264 1661 1328 clerica
1684 1285 1718 1327 cr
1740 1267 1825 1328 scine
1847 1265 2008 1349 IIerberpe

439 1388 480 1430 ru
510 1365 639 1431 uelamen
662 1368 774 1453 psiept,
800 1372 887 1433 circen
917 1369 1038 1434 lrleirrcrr
1067 1371 1164 1435 nebcn
1190 1371 1290 1434 idrem
1312 1370 1455 1455 dordipen
1478 1369 1552 1452 Hot'
1571 1370 1737 1455 pclcpencu
1759 1369 2005 1437 Fldcbercraum.

440 1473 635 1556 Frcnkflrrn,
662 1481 749 1541 1315
773 1474 923 1542 Februar
946 1481 976 1541 8.
1086 1490 1090 1498 ’

458 1615 657 1682 Ludowicus
688 1617 739 1682 dei
770 1617 885 1700 gracia
908 1618 1130 1685 Romanorum
1153 1639 1222 1699 rex,
1255 1638 1383 1700 semper
1407 1625 1578 1702 augustus.
1626 1618 1803 1704 Religiosis
1828 1619 1908 1690 viris
1933 1639 2006 1686 eon-

351 1721 536 1788 mendatori
566 1729 599 1787 et
629 1719 790 1789 fratribus
807 1726 835 1807 ll
852 1724 975 1790 ordinis
1005 1723 1179 1806 hospitalis
1211 1725 1505 1792 sancti'Johannis
1529 1725 1799 1807 ierosolimitani,
1831 1729 1955 1792 domus
1975 1727 2006 1792 10

352 1827 615 1910 Franclieniord,
641 1829 769 1896 devotis
801 1830 869 1896 suis
900 1830 1040 1912 dilectis,
1065 1830 1210 1914 graciam
1234 1851 1325 1897 suam
1351 1833 1378 1916 ll
1402 1839 1436 1896 et
1460 1851 1552 1897 omne
1577 1833 1706 1898 bonum.
1755 1832 1896 1916 Dignum
1922 1835 2007 1899 arbi-

352 1940 462 2001 tratur
508 1942 624 2002 nostra
654 1936 827 2018 serenitas,
852 1945 890 2002 ut
914 1959 981 2020 vos,
1008 1917 1088 2019 quos
1113 1939 1174 2004 sub
1198 1937 1269 2005 vita
1294 1937 1397 2004 celibe
1422 1937 1582 2004 altissimo
1607 1938 1678 2022 regi
1702 1939 1729 2024 lt
1754 1959 1867 2023 regum
1890 1941 2006 2008 devote

351 2040 507 2110 famulari
537 2043 762 2127 cognoscimus
793 2044 1009 2128 incessanter,
1036 2065 1235 2127 quorumque
1266 2045 1422 2127 hospicio,
1449 2063 1521 2111 cum
1545 2045 1796 2112 Franchenford
1828 2046 2005 2132 existimus

351 2150 567 2232 hospitamur,
594 2153 636 2216 ad
658 2150 766 2216 instar
790 2151 928 2219 aliorum
952 2172 1065 2236 regum
1083 2153 1314 2234 Romanorum,
1336 2155 1604 2234 predecessorum
1620 2159 1807 2219 nostrorum
1822 2153 2005 2231 illustrium,

351 2254 467 2322 lavore
498 2264 531 2323 et
561 2257 674 2341 gracia
705 2257 865 2324 sincerius
897 2257 1188 2346 0000010000100,1
1219 2279 1300 2326 sane
1332 2259 1409 2340 quia
1431 2262 1596 2340 quandam
1620 2279 1758 2341 parvam
1783 2281 1894 2326 aream
1919 2261 2005 2327 curie

351 2371 463 2431 vestre
488 2365 684 2448 contiguam,
711 2368 750 2430 de
775 2385 840 2447 qua
861 2364 948 2431 inter
973 2385 1031 2432 vos
1055 2373 1089 2431 et
1114 2365 1202 2433 cives
1221 2363 1569 2432 Franchenfordenses
1593 2365 1704 2433 extitit
1728 2367 1926 2449 aliquamdiu
1943 2367 2007 2434 liti-

352 2476 475 2553 gatum,
494 2461 544 2537 'ad
575 2473 794 2554 ampliandam
825 2479 971 2538 vestram
1000 2473 1126 2539 curiam
1149 2473 1289 2553 hebetia,
1314 2479 1352 2538 ut
1376 2472 1569 2554 audivimus
1596 2474 1770 2556 plurimum
1796 2480 2005 2557 oportunam:

352 2596 412 2643 nos
436 2579 557 2645 vestris
581 2579 755 2645 humilibus
780 2579 1078 2662 supplicacionibus
1101 2579 1261 2662 inclinati,
1287 2583 1423 2646 eandem
1447 2600 1584 2662 parvam
1609 2601 1720 2646 aream
1744 2602 1784 2647 ex
1807 2581 2007 2648 liberalitate

352 2685 445 2768 regia
476 2688 660 2752 donandam
691 2686 785 2752 vobis
816 2687 965 2752 duximus
997 2693 1030 2752 et
1054 2707 1126 2752 eam
1149 2693 1262 2753 vestre
1286 2687 1374 2753 curie
1399 2687 1603 2767 annectimus
1628 2695 1661 2754 et
1686 2687 1823 2770 unimus,
1849 2689 2006 2768 nolentes,

353 2794 438 2872 quod
470 2792 624 2876 deinceps
656 2793 775 2875 aliquis
806 2794 972 2860 hominum
1003 2813 1063 2862 vos
1092 2793 1126 2859 in
1156 2794 1247 2860 dicta
1277 2814 1357 2860 areo
1379 2793 1528 2876 inpediat
1552 2794 1740 2876 aliqualiter
1765 2804 1823 2860 ant
1847 2795 2006 2864 molestet.

352 2899 392 2964 ln
424 2898 515 2965 cuius
547 2899 748 2982 donacionis,
775 2900 969 2966 annexionis
993 2908 1026 2966 et
1051 2900 1190 2982 unionis,
1216 2921 1275 2982 per
1299 2920 1358 2967 nos
1382 2897 1481 2982 facte,
1508 2899 1730 2967 testimonium
1754 2902 1839 2968 hanc
1862 2901 2007 2968 litteram

353 3006 470 3072 exinde
495 3007 659 3074 conscribi
684 3013 717 3073 et
741 3007 927 3074 maiestatis
951 3015 1063 3074 nostre
1087 3007 1194 3091 sigillo
1218 3007 1371 3074 iussimus
1395 3007 1584 3074 communiri.
1624 3009 1748 3074 Datum
1769 3008 1802 3074 in
1819 3009 2007 3076 Francben-

352 3109 436 3178 iord.
483 3115 578 3180 Anno
604 3112 725 3179 domini
748 3113 917 3180 millesimo
942 3113 1173 3180 trecentesimo
1190 3114 1438 3195 quintodecimo,
1456 3095 1514 3180 Vi.
1532 3115 1607 3181 idus
1623 3113 1794 3196 februarii,
1819 3117 1914 3200 regni
1930 3137 2006 3184 vero

353 3219 460 3286 nostri
484 3239 570 3286 anno
595 3220 708 3302 primo.

570 3361 615 3416 Or.
629 3362 717 3430 Ppmt.
755 3362 939 3418 Bruchstttelre
964 3363 1009 3418 des
1028 3361 1272 3432 Mojeetdtsriepcla
1295 3365 1403 3434 1010οο0
1428 3382 1465 3418 cn
1482 3370 1589 3434 pritesen
1608 3363 1750 3419 Sutunurca
1769 3382 1816 3419 an.
1853 3365 1892 3418 st.
1907 3365 1942 3418 A.
1957 3365 2007 3420 Fr.

619 3451 955 3506 uoluuntur-Ueterum
974 3453 1026 3506 Nc.
1043 3457 1085 3506 14.

569 3541 669 3596 Gedr:
686 3542 789 3595 11412
805 3542 876 3595 noch
895 3541 954 3594 dem
976 3541 1021 3596 Or.
1043 3583 1048 3594 .

573 3630 664 3685 Vera:
683 3632 727 3696 B„
747 3629 813 3700 ch.
827 3629 908 3698 Luci,
928 3631 981 3685 No.
998 3633 1038 3685 71.

355 4009 419 4083 11.
444 4016 557 4100 Krinr'p
573 4015 711 4100 Lcrdwip
736 4017 872 4096 bekennt,
896 4017 966 4080 deur
981 4015 1178 4098 lut-aorscnof
1193 4015 1283 4082 Peter
1306 4039 1366 4081 000
1382 4017 1497 4082 Maior
1520 4023 1608 4082 2000
1625 4016 1739 4098 Psund
1755 4016 1864 4081 Heller
1879 4039 1939 4082 acre
1954 4018 2011 4082 der

442 4123 653 4190 Judenstecer
675 4145 716 4186 00
735 4123 930 4204 Franksnrr,
951 4125 1150 4205 oppenheim,
1170 4125 1808 4208 110000100180000000010101000001
1827 4125 2011 4206 ccrpsc'indct

445 4232 508 4295 tum
532 4229 634 4324 dufc'r’r
657 4235 764 4294 eruent
786 4233 837 4296 dic
852 4231 945 4296 staur
963 4232 1161 4312 oppenheim.
1202 4231 1253 4296 Inr
1276 4232 1383 4316 Luper
1406 4253 1462 4296 *cor
1487 4231 1648 4314 osruofen,
1675 4237 1761 4295 1315
1784 4231 1933 4296 Februur
1957 4237 2008 4295 16.

462 4374 529 4440 Nos
560 4373 759 4441 Ludowicus
790 4372 842 4439 dei
872 4373 984 4457 gracia
1008 4374 1229 4440 Romanorum
1258 4393 1327 4452 rex,
1353 4393 1481 4455 semper
1512 4379 1682 4456 augustus.
1731 4371 2010 4456 Recognoscimus

356 4500 414 4563 per
438 4487 620 4562 presentes,
645 4498 705 4547 nos
729 4479 835 4546 teneri
859 4486 896 4545 et
916 4480 1079 4562 obligatos
1104 4500 1175 4546 esse
1200 4479 1382 4547 venerabili
1405 4481 1514 4559 Petro,
1540 4479 1786 4561 archiepiscopo
1804 4478 2008 4562 Maguntino,

356 4587 496 4670 principi
520 4595 633 4653 nostro
651 4587 842 4668 karissimo,
867 4586 901 4652 in
926 4589 1051 4652 duobus
1075 4587 1204 4652 milibus
1228 4587 1388 4652 librarum
1411 4587 1615 4668 hallensium,
1641 4587 1771 4652 racione
1796 4586 1918 4652 decime
1936 4606 2010 4668 pro-

355 4694 518 4760 venientis
543 4697 581 4760 de
607 4693 781 4760 exaccione
807 4714 863 4760 seu
888 4693 1088 4760 obvencione
1112 4693 1249 4776 pecunie
1273 4699 1405 4775 recepte
1430 4691 2008 4775 00000001010101011ιο0011001,

356 4802 387 4867 in
413 4801 636 4884 Oppenheym,
655 4801 843 4868 Wormacia
867 4808 900 4867 et
926 4801 1031 4883 Spica,
1062 4820 1189 4868 camere
1212 4809 1325 4868 nostre
1350 4800 1465 4882 serris,
1491 4820 1549 4882 pro
1574 4821 1638 4881 000
1663 4799 1798 4882 pecunie
1822 4799 2009 4880 0000111010

357 4909 460 4974 eidem
488 4908 656 4974 civitatem
680 4914 827 4974 nostram
851 4909 1062 4990 Oppenlreym
1088 4927 1160 4973 cum
1183 4909 1250 4974 suis
1276 4909 1488 4990 pertinenciis
1512 4910 1616 4973 denuo
1641 4907 1831 4990 obligamus,
1857 4909 2010 4986 quemad-

356 5018 485 5082 modum
508 5015 612 5097 ipsam
637 5016 807 5083 ciuitatem
831 5015 921 5097 prius
945 5015 1049 5080 eciam
1072 5014 1135 5080 sibi
1158 5014 1375 5097 obligavimus
1400 5035 1458 5097 pro
1484 5014 1557 5080 aliis
1582 5014 1792 5096 pecuniarum
1809 5012 1951 5091 summis
1976 5012 2008 5078 in

357 5123 473 5203 quibus
505 5123 654 5190 similiter
685 5123 833 5189 tenemur
860 5121 1106 5204 archiepiscopo
1130 5128 1318 5187 memorato.
1367 5123 1406 5186 ln
1431 5120 1522 5186 cuius
1546 5119 1595 5186 rei
1619 5120 1839 5186 testimonium
1863 5119 1926 5185 sibi
1948 5121 2010 5185 has

355 5228 466 5296 literas
497 5231 603 5315 sigillo
634 5237 746 5297 nostre
777 5230 961 5296 maiestatis
992 5231 1151 5296 tradimus
1183 5227 1406 5295 communitas.
1463 5229 1585 5293 Datum
1615 5227 1649 5292 in
1679 5227 1798 5293 castris
1822 5229 1908 5308 apud
1933 5227 2010 5292 Ost-

356 5339 473 5420 hoven,
506 5359 591 5404 0000
623 5339 744 5404 domini
774 5338 942 5404 millesimo
975 5337 1204 5404 trecentesimo
1236 5335 1350 5416 quinto
1382 5335 1517 5415 decimo,
1555 5335 1669 5402 XIIII.
1692 5334 1851 5400 kalendas
1881 5333 2007 5413 marcii,

356 5445 450 5530 regni
474 5466 551 5513 vero
577 5445 682 5512 nostri
706 5465 791 5512 anno
816 5446 929 5527 primo.

570 5588 711 5654 Abeebrdft
735 5589 772 5641 im
792 5589 876 5642 Liber
895 5588 1018 5659 Ropistrr'
1036 5588 1196 5643 Iriterurrcru
1215 5587 1352 5642 Ecclesiae
1372 5585 1554 5655 Mopuntr'uac
1573 5585 1657 5638 Not
1677 5586 1736 5650 (20)
1756 5583 1803 5648 sol.
1818 5585 1877 5637 135.
1911 5582 2009 5636 thrr·

624 5679 700 5748 burp,
720 5678 906 5732 Krcrburclriv.

623 5855 647 5908 a)
662 5853 729 5899 Lech
744 5854 778 5898 tm
793 5853 871 5910 Ppmr.
