4416 6414
831 327 900 384 1315
918 326 1075 396 September
1093 329 1135 383 20.
1767 334 1808 399 19

261 522 298 589 In
324 523 453 590 nomine
470 523 599 606 domini,
618 543 722 590 amen.
755 527 822 591 Nos
833 526 997 592 Volradus
1014 525 1106 592 miles
1123 527 1293 609 scultetus,
1319 547 1446 594 necnon
1463 528 1605 596 Siiridus
1622 533 1661 596 de
1679 532 1809 614 Gyzen-

150 629 247 712 heim,
272 631 444 698 lohannes
467 630 575 696 dictus
592 631 770 713 Goltstein,
796 632 996 726 Oulmannus
1020 635 1060 700 de
1080 631 1104 706 ll
1122 633 1311 715 Ovenbach,
1336 635 1546 702 Hermannus
1570 636 1678 703 dictus
1694 637 1810 704 Clobe·

148 737 233 818 looh,
253 737 361 820 Wiglo
386 739 426 804 de
443 737 644 819 Wanebach,
664 733 771 822 Wiglo
796 741 836 804 de
860 740 957 804 Rana
981 745 1015 805 et
1039 741 1209 806 Corradus
1233 740 1341 808 dictus
1365 740 1455 809 zdmo
1472 743 1657 826 Rintfleize,
1683 744 1810 810 scabini

149 843 532 926 Franllkenvordenses
550 853 664 911 tenore
681 845 882 928 presentium
899 847 1162 929 recognoscimus
1179 854 1213 914 et
1229 850 1271 914 ad
1287 847 1513 915 universorum
1527 855 1594 916 tam
1607 851 1809 933 presentium

150 970 250 1030 quam
280 949 467 1016 futurorum
497 950 653 1018 noticiam
678 952 826 1035 cupimus
851 952 1032 1034 pervenire,
1058 956 1143 1034 quod
1167 953 1330 1020 discretus
1354 955 1406 1022 vir
1422 954 1448 1028 li
1464 956 1641 1024 Heinricus
1666 958 1745 1042 Crig
1768 961 1808 1025 de

150 1057 250 1138 Spira
280 1057 314 1122 in
345 1065 462 1124 nostra
485 1058 657 1140 presencia
680 1059 890 1141 constitutus,
915 1059 949 1126 in
973 1062 1060 1127 bona
1083 1060 1265 1128 ualitudine
1289 1061 1434 1128 existens
1459 1066 1499 1130 de
1523 1070 1639 1131 nostra
1661 1084 1752 1132 mera
1775 1072 1810 1132 et

149 1164 257 1230 libera
287 1165 501 1246 permissione
532 1185 606 1231 cum
636 1185 798 1232 consensu
822 1169 864 1233 ad
888 1168 949 1233 hoc
973 1167 1086 1234 habito
1111 1167 1317 1250 provisorum
1342 1177 1375 1236 et
1399 1167 1542 1236 fratrum
1564 1170 1737 1252 hospitalis
1759 1172 1809 1238 in·

149 1271 317 1337 firmorum
340 1271 450 1338 sancti
465 1271 609 1355 Spiritus
625 1273 956 1340 Frankenvordensis
980 1276 1021 1340 ad
1038 1275 1194 1342 honorem
1210 1274 1262 1341 dei
1278 1275 1511 1356 omnipotentis
1528 1297 1567 1344 ac
1582 1276 1617 1344 in
1632 1278 1809 1344 remedium

150 1376 259 1443 anime
289 1397 346 1444 sue
376 1393 572 1460 suorumque
604 1385 778 1460 parentum
809 1379 997 1446 construxit
1026 1387 1060 1446 et
1091 1379 1258 1447 edificavit
1282 1381 1317 1448 in
1340 1383 1510 1466 cymiterio
1534 1384 1678 1451 eiusdem
1700 1385 1809 1468 hospi·

147 1483 229 1548 talis
259 1503 359 1550 uuam
390 1487 519 1550 domum
551 1487 611 1551 sub
641 1486 705 1552 hac
735 1483 856 1566 forma,
889 1489 974 1568 quod
1004 1485 1089 1553 idem
1120 1487 1295 1554 Heinricus
1327 1493 1433 1570 quoad
1464 1491 1593 1572 vixerit,
1615 1491 1666 1558 vei
1697 1511 1809 1573 quam-

150 1609 278 1672 cunque
302 1610 476 1672 pomonam
499 1592 630 1658 nomine
654 1612 712 1659 suo
737 1595 778 1658 ad
802 1593 864 1659 hoc
888 1593 1110 1676 deputaverit,
1135 1597 1221 1675 quod
1244 1595 1278 1661 in
1302 1615 1362 1663 sua
1386 1597 1518 1678 optione
1535 1597 1649 1679 stabit,
1675 1599 1807 1665 debebit

148 1697 183 1762 in
212 1697 289 1780 ipsa
319 1699 413 1763 domo
444 1704 603 1780 perpetuo
634 1697 746 1764 lacere
777 1700 890 1783 egenis
920 1706 955 1766 et
986 1701 1124 1768 advenis
1156 1701 1226 1768 sive
1257 1703 1440 1787 peregrinis
1471 1705 1671 1786 pauperibus
1696 1727 1809 1789 super·

148 1803 362 1870 venientibus
389 1803 651 1886 hospitalitatem
676 1801 899 1887 pernoctando
924 1815 957 1872 et
982 1807 1173 1874 sustinendo
1197 1807 1287 1891 ipsos
1312 1810 1364 1892 pie
1388 1817 1525 1892 propter
1548 1815 1653 1894 deum,
1679 1819 1808 1880 contra·
1869 1823 1871 1830 '

150 1910 295 1978 dictione
319 1911 480 1977 dictorum
505 1911 709 1993 provisorum
734 1912 803 1979 sive
829 1965 861 1982 ..
887 1912 1029 1979 fratrum
1052 1913 1155 1996 ipsius
1179 1915 1353 1998 hospitalis
1376 1936 1441 1984 non
1466 1919 1629 1986 obstante.
1672 1917 1808 1986 Preiato

150 2037 229 2085 vero
246 2017 413 2098 Heinrico,
438 2018 568 2085 domino
591 2017 624 2084 id
648 2019 788 2102 uolente,
815 2020 984 2086 demedio
1009 2020 1150 2102 sublato,
1177 2077 1209 2091 ..
1235 2022 1363 2089 scabini
1379 2024 1726 2107 Frankenvordenses,
1754 2025 1810 2106 qui

150 2143 209 2206 pro
241 2132 390 2207 tempore
420 2123 554 2206 luerint,
580 2123 709 2190 nomine
732 2125 836 2208 ipsius
860 2126 1011 2192 Heinrici
1033 2126 1067 2193 in
1091 2127 1196 2210 ipsam
1221 2132 1349 2196 domum
1372 2150 1432 2212 per
1454 2131 1562 2214 ipsum
1584 2139 1809 2200 constructam

150 2237 184 2297 et
213 2231 402 2298 edificatam
432 2234 594 2315 ydoneam
625 2239 659 2298 et
690 2231 865 2300 discretam
890 2253 1073 2315 personam,
1101 2254 1197 2316 quam
1219 2236 1407 2316 maluerint,
1431 2237 1465 2304 in
1486 2235 1656 2320 prefatam
1680 2241 1808 2305 domum

149 2337 318 2406 lucebunt.
366 2340 438 2423 Que
468 2338 598 2420 quidem
628 2358 770 2421 persona
801 2359 922 2424 egenos
953 2346 988 2406 et
1017 2344 1165 2408 advenas
1188 2341 1221 2407 in
1245 2341 1319 2424 ipsa
1343 2346 1436 2410 domo
1460 2344 1645 2428 hospitabit
1669 2351 1703 2412 et
1725 2345 1809 2428 ipsis

151 2444 414 2526 hospitalitatem
445 2442 548 2511 faciet
578 2445 681 2512 modis
712 2452 746 2512 et
776 2446 1036 2514 condictionibus
1068 2447 1218 2530 superius
1249 2450 1424 2532 expressis.
1475 2451 1633 2518 Preterea
1662 2448 1809 2518 fenestre

149 2550 255 2633 ipsius
280 2553 395 2618 domus
419 2559 453 2618 et
476 2553 573 2619 ianne
597 2554 836 2636 permanebunt
859 2552 893 2618 in
916 2553 987 2635 ipso
1005 2559 1107 2636 statu,
1131 2554 1166 2620 in
1182 2575 1245 2636 quo
1261 2576 1348 2623 nunc
1364 2564 1450 2638 sunt,
1475 2557 1580 2624 lucem
1596 2557 1683 2624 dicte
1700 2557 1809 2624 domui

150 2657 424 2725 amministrando
455 2679 516 2726 nec
540 2680 561 2725 a
584 2679 746 2742 quoquam
777 2661 944 2726 debebunt
974 2661 1102 2730 obstrui
1131 2681 1191 2729 nec
1221 2662 1355 2728 recludi.
1404 2662 1539 2744 Capella
1570 2664 1680 2744 etiam,
1712 2683 1809 2746 quam

149 2764 237 2830 idem
248 2763 428 2830 Heinricus
443 2764 510 2832 iam
526 2766 689 2832 construit
704 2773 737 2832 et
754 2765 886 2833 edificat
900 2766 936 2833 in
952 2767 1122 2851 cymiterio
1139 2769 1219 2835 dicti
1235 2768 1422 2851 hospitalis:
1442 2768 1491 2835 illi
1507 2769 1666 2852 capellula
1680 2773 1720 2836 de
1735 2770 1809 2853 ipsa

151 2873 246 2938 domo
270 2871 428 2938 introitus
452 2891 511 2954 per
533 2871 666 2939 ianuam
689 2873 723 2938 in
745 2872 853 2956 ipsam
877 2873 1036 2956 capellam
1059 2874 1321 2959 ingredientibus
1345 2875 1482 2958 patebit.
1521 2875 1601 2944 Vicc
1620 2897 1718 2943 versa
1735 2897 1809 2959 pre-

150 2975 232 3044 latis
258 3030 292 3043 ..
315 2975 478 3044 fratribus
502 2983 535 3044 et
559 2976 684 3045 familie
707 2979 835 3062 inipso
859 2979 1016 3062 hospitali
1039 2981 1258 3049 existentibus
1282 2981 1382 3049 etiam
1404 2982 1574 3066 ingressus
1598 2989 1631 3049 et
1654 2983 1808 3051 introitus

152 3103 210 3165 per
233 3083 369 3150 ienuam
391 3081 426 3150 in
450 3087 587 3151 eandem
611 3085 771 3167 capellam
795 3105 854 3168 per
878 3087 986 3154 omnia
1001 3087 1103 3156 libere
1120 3088 1257 3171 patebit.
1304 3089 1515 3156 Postmodum
1531 3090 1615 3157 idem
1631 3091 1808 3158 Heinricus

150 3188 184 3256 iu
208 3189 365 3257 extremis
390 3189 590 3258 constitutus
614 3191 705 3258 dedit
729 3192 833 3258 eidem
856 3193 964 3259 domui
989 3197 1030 3261 ad
1050 3171 1129 3262 u'sus
1146 3195 1312 3277 predictos
1330 3195 1513 3276 quindecim
1529 3196 1651 3265 octalia
1667 3197 1809 3282 siliginis

151 3315 304 3364 mensure
327 3297 660 3365 Frankenvordensis
683 3297 822 3382 singulis
846 3299 941 3366 anuis
964 3299 1055 3368 inira
1078 3305 1141 3368 duo
1165 3299 1255 3368 festa
1277 3303 1513 3385 assumptionis
1537 3309 1570 3369 et
1593 3303 1809 3371 nativitatis⁸

82 3475 88 3493 ,
151 3404 249 3470 beate
273 3403 379 3470 llario
409 3403 548 3488 virginis
572 3406 683 3470 danda
707 3411 741 3470 et
764 3406 923 3473 solvenda
946 3410 986 3473 de
1009 3427 1123 3475 manso
1147 3409 1336 3476 Thilmanni
1358 3409 1440 3476 dicti
1463 3411 1503 3476 de
1528 3410 1663 3477 Oolonia
1686 3411 1749 3478 sito
1774 3411 1808 3478 in

152 3509 301 3576 terminis
324 3509 401 3577 ville
414 3510 570 3578 Vilwilre.
610 3512 695 3577 Item
718 3511 809 3577 dedit
832 3519 866 3578 et
888 3513 1014 3597 legavit
1038 3521 1168 3581 centum
1191 3514 1296 3582 libras
1319 3516 1514 3582 hallensium
1537 3520 1665 3584 dandas
1688 3524 1723 3584 et
1746 3519 1809 3585 sol-

153 3620 280 3683 vendas
310 3636 370 3698 per
401 3617 582 3699 Albeidem,
607 3617 756 3685 relictam
787 3637 889 3701 suam,
915 3618 1069 3686 videlicet
1098 3621 1169 3704 ipso
1200 3622 1358 3704 hospitali
1387 3623 1534 3705 predicto
1566 3625 1675 3690 decem
1705 3624 1808 3691 libras

152 3723 356 3806 hallensium,
380 3743 508 3791 necnon
539 3724 649 3791 domui
678 3724 827 3806 predicte
857 3725 1039 3810 nonaginta
1068 3727 1172 3794 libras
1202 3727 1407 3810 hallensium,
1438 3729 1472 3795 in
1500 3749 1580 3797 usus
1603 3731 1808 3798 necessarios

153 3829 241 3896 inira
265 3830 430 3912 presentis
454 3829 558 3897 annii
585 3830 731 3913 spacium
748 3834 1016 3898 convertendas.⁰
1054 3835 1125 3919 Quo
1141 3834 1233 3900 linito
1250 3834 1333 3901 alias
1351 3842 1480 3902 centum
1496 3835 1599 3903 libras
1615 3837 1809 3904 hallensium

154 3936 246 4003 dabit
271 3936 374 4004 eidem
398 3937 507 4006 domui
528 3957 589 4019 per
612 3940 693 4005 duos
716 3935 846 4005 annosd
870 3938 1048 4006 inmediate
1072 3942 1309 4023 subsequentes
1334 3945 1376 4008 ad
1400 3940 1549 4025 prelatos
1568 3963 1656 4026 usus,
1682 3951 1719 4011 ut
1735 3964 1809 4026 pre-

153 4043 306 4126 mittitur,
339 4044 553 4127 ampliandos.
607 4045 647 4112 In
678 4065 814 4126 quorum
847 4045 988 4112 omnium
1019 4047 1241 4115 testimonium
1271 4056 1305 4115 et
1335 4049 1538 4116 evidenciam
1564 4051 1742 4133 pleniorem
1765 4055 1807 4118 ad

154 4169 268 4232 preces
283 4151 432 4217 Heinrici
455 4151 597 4234 predicti
621 4151 762 4236 sigillum
785 4152 891 4219 maius
915 4152 1021 4220 nostri
1045 4154 1134 4235 opidi
1159 4155 1492 4223 Frankenvordensis
1514 4176 1581 4222 una
1604 4177 1677 4223 oum
1701 4157 1807 4241 sigillo

154 4257 327 4341 hospitalis
357 4256 499 4340 predicti
528 4258 737 4340 presentibus
768 4266 846 4326 sunt
877 4279 1034 4342 appensa.
1082 4261 1206 4328 Datum
1236 4280 1321 4328 anno
1353 4262 1474 4328 domini
1502 4264 1543 4329 rb.
1569 4243 1745 4347 cccxi,
1773 4265 1807 4330 in

154 4364 299 4432 crastino
324 4364 537 4432 exaltationis
560 4372 677 4431 sancte
700 4366 816 4432 crucis.

369 4557 414 4612 Or.
428 4559 516 4629 Ppmt.
554 4559 616 4614 Dae
628 4559 790 4631 Stodteiepel
809 4565 847 4628 (2,
862 4562 1057 4630 cruciaturus)
1076 4564 1162 4634 intingi
1178 4581 1224 4632 on,
1244 4564 1295 4618 dar
1309 4565 1522 4635 Hoopttolsa'epel
1533 4567 1570 4620 ist
1586 4567 1738 4636 abpefollou
1750 4567 1809 4622 aad

420 4649 484 4718 liept
502 4649 557 4703 loce
576 4649 624 4702 bei.
664 4647 702 4702 St.
716 4651 752 4705 A.
769 4649 819 4704 Fr.
832 4651 907 4706 Heil.
922 4651 1099 4721 Gelai—Hosp.
1114 4653 1182 4706 latr.
1197 4653 1230 4706 A.
1243 4653 1297 4708 No.
1310 4657 1354 4710 23.

368 4735 466 4791 Orda:
486 4736 620 4806 Futura,
639 4739 749 4804 Archiv,
770 4738 796 4807 Ι,
813 4742 882 4804 223;
902 4740 946 4806 B,
966 4741 1186 4796 crescendam
1207 4741 1254 4796 Or.
1274 4785 1281 4797 .
1318 4743 1470 4798 Erwdlunt:
1488 4744 1616 4813 Lernam,
1635 4743 1679 4812 11³,
1699 4748 1743 4814 45,
1762 4747 1807 4800 86.

155 5127 216 5205 30.
244 5137 442 5221 Erebisclros
463 5137 554 5204 Peter
577 5161 637 5204 oon
662 5139 776 5206 Maior
800 5143 1001 5221 beurkundet,
1025 5145 1103 5209 dass
1126 5145 1186 5210 dus
1205 5145 1544 5228 Bartholomoeosstc'st
1566 5145 1808 5229 auFrnnltfurt

241 5245 309 5310 und
338 5246 395 5311 der
423 5246 545 5332 dortipe
569 5246 709 5329 Pfcrrer
731 5248 893 5334 Siepfried
923 5253 957 5314 in
987 5249 1087 5314 obrem
1110 5252 1221 5318 &reue
1250 5254 1327 5318 tiber
1356 5254 1406 5318 die
1428 5253 1544 5318 Recbte
1572 5255 1627 5320 des
1651 5253 1807 5336 Pfurrers

242 5352 303 5418 deu
324 5349 454 5418 Kantor
483 5374 543 5418 oon
565 5355 611 5419 St.
628 5353 877 5440 Murrenpreulen
906 5378 948 5420 ru
971 5355 1088 5422 Mutua
1117 5359 1184 5423 aad
1212 5360 1273 5424 den
1295 5358 1489 5425 Kcooutkus
1511 5383 1571 5425 oon
1593 5361 1808 5426 Nordbausen

243 5457 411 5525 Hermann
433 5480 494 5525 oon
508 5459 680 5545 Eschwegc
702 5484 744 5526 eu
759 5463 1027 5528 Sotieclsra'cbtern
1050 5465 1182 5530 noctu
1203 5467 1270 5531 uod
1288 5467 1366 5531 dass
1382 5488 1425 5546 er,
1449 5467 1506 5531 der
1520 5467 1723 5550 deductos,
1748 5457 1808 5532 den

243 5566 422 5632 Scholcsler
449 5589 510 5631 uon
532 5569 578 5633 St.
596 5567 843 5652 Murtenpreden
865 5591 939 5634 aum
965 5571 1111 5638 Oburonn
1135 5572 1287 5636 bestimmt
1309 5573 1397 5638 bute.
1445 5578 1532 5638 1315
1555 5575 1730 5655 September·
1753 5580 1805 5638 20.

422 5835 448 5884 ι)
463 5829 504 5874 Or.
519 5831 711 5884 ,adnabam
740 5833 765 5882 b)
781 5831 820 5874 Or.
836 5833 942 5882 ,onulfi
970 5839 993 5884 c)
1008 5833 1048 5877 Or.
1066 5833 1277 5884 ,convertendort
1304 5835 1330 5888 d)
1348 5825 1411 5878 {lter
1425 5835 1514 5880 Βωκν.
