4426 6404
1067 288 1136 344 1340
1154 285 1276 344 Februar
1296 287 1338 344 14.

492 487 636 552 hosthare
661 486 799 569 Gefdsse
822 491 971 572 entpepeo
993 487 1054 553 dea
1076 487 1383 554 haaneentorisehen
1398 487 1659 573 Bestimmuopen
1681 509 1723 552 aa
1746 493 1937 554 cantassem
1959 486 2035 552 oder

492 595 766 674 dmascbmeleea,
796 595 840 660 da
869 596 920 659 die
944 593 1071 677 Gesabr
1100 596 1228 675 heslehe,
1258 596 1336 660 dass
1365 595 1450 660 diesc
1474 594 1611 677 Gefdsse
1638 617 1698 661 oon
1720 595 1789 660 dem
1812 595 1936 660 Kaiser
1959 596 2035 661 oder

492 702 631 768 anderen
653 702 829 787 mdchtipen
846 701 971 766 Herren
993 701 1143 768 entitatem
1165 703 1232 767 aad
1250 703 1335 767 nield
1351 702 1465 767 eamden
1479 703 1734 788 rurrichpepehea
1749 703 2032 770 waratonem.

493 807 633 890 Eleate,
658 814 745 875 1340
769 807 918 875 Febraar
941 813 994 874 14.

483 951 727 1034 ..Heinricus,
764 951 816 1018 dei
845 951 958 1037 gracia
987 956 1103 1019 sancte
1137 950 1326 1036 Moguntinc
1356 949 1443 1017 sedis
1478 949 1755 1034 archiepiscopus,
1787 951 1875 1018 sacri
1904 951 2034 1035 imperii

375 1081 433 1144 per
456 1060 666 1127 Germaniam
695 1059 1015 1127 archicancellarius.
1054 1060 1176 1125 Notum
1200 1055 1338 1125 iacimus
1362 1057 1567 1141 presencium
1590 1058 1833 1141 inspectoribus
1856 1058 2031 1141 universis,

374 1168 512 1234 maxime
525 1169 553 1253 [Ι
569 1175 678 1233 autem
690 1167 766 1249 hiis,
784 1186 920 1248 quorum
936 1166 1076 1233 interest
1090 1166 1144 1233 vel
1158 1165 1311 1233 intererit
1327 1165 1361 1232 in
1376 1163 1533 1248 futurum,
1551 1168 1636 1247 quod
1652 1165 1730 1232 licet
1745 1165 1861 1232 ultima
1876 1166 2033 1233 voluntas

373 1275 513 1342 hominis
536 1273 674 1340 maxime
697 1273 731 1340 in
754 1273 874 1358 legatis
897 1277 940 1340 ad
964 1273 1037 1356 pias
1060 1292 1178 1340 causas
1195 1274 1314 1339 debeat
1330 1272 1510 1354 observari,
1536 1278 1646 1339 tamen
1662 1271 1795 1355 privata
1811 1274 1838 1359 Ν
1855 1272 2032 1355 disposicio

373 1381 544 1449 testatoris
573 1401 637 1447 non
665 1387 775 1464 potest
803 1379 989 1465 generalem
1012 1379 1282 1447 constitucionem
1312 1379 1447 1446 canonis
1476 1378 1658 1462 immutare,
1690 1384 1724 1446 et
1748 1379 1776 1446 si
1798 1399 1865 1462 qua
1887 1387 2033 1447 testator

372 1489 406 1555 in
436 1509 495 1556 suo
519 1494 718 1555 testamento
747 1486 917 1571 disposuit,
943 1507 1005 1569 que
1028 1484 1266 1553 reformacione
1288 1486 1342 1554 vel
1366 1487 1618 1554 commutatione
1642 1487 1801 1570 indigent,
1827 1493 1938 1570 potest
1965 1487 2033 1570 cpi-

374 1615 492 1679 scopus
515 1595 572 1662 illa
587 1594 621 1661 in
638 1594 736 1662 alium
752 1614 845 1661 usum
861 1594 966 1677 magis
981 1595 1103 1675 utilem,
1129 1596 1300 1660 dummodo
1316 1593 1367 1660 ius
1384 1593 1521 1660 alterius
1537 1593 1670 1661 nimium
1685 1612 1750 1660 non
1765 1593 1907 1677 ledetur,
1932 1603 2033 1677 prout

373 1703 549 1770 secundum
574 1705 669 1769 deum
692 1708 727 1769 et
749 1702 893 1769 locorum
915 1701 1052 1784 piorum,
1076 1701 1194 1783 quibus
1209 1701 1321 1784 legata
1337 1703 1499 1767 debentur
1513 1699 1705 1784 huiusmodi,
1730 1700 1908 1768 utilitatem
1925 1701 2032 1786 magis

373 1809 528 1893 expedire
556 1809 688 1891 viderit,
721 1815 930 1876 commutare.
978 1811 1064 1875 Sane
1088 1828 1160 1875 cum
1184 1808 1267 1875 alias
1290 1807 1484 1890 Katherine,
1509 1807 1627 1875 relicta
1650 1811 1813 1888 quondam
1837 1808 2033 1893 Wygelonis

373 1917 506 2000 opidani
528 1916 868 1999 Frankenvordeusis,
898 1913 1070 1982 lundatrix
1102 1915 1237 1982 ecclesie
1268 1915 1386 1982 montis
1417 1921 1532 1983 sancte
1561 1913 1667 1981 Mario
1694 1914 2030 1997 Frankinvordensis,

373 2029 545 2107 postquam
569 2023 674 2107 ipsam
691 2023 862 2091 ecclesiam
878 2021 1079 2091 fundaverat
1103 2043 1142 2089 ac
1159 2023 1226 2088 suis
1242 2022 1425 2089 redditibus
1441 2025 1627 2102 dotaverat,
1652 2021 1687 2088 in
1707 2041 1765 2088 suo
1782 2025 1867 2104 quod
1884 2023 2032 2090 condidit

371 2136 571 2199 testamento
595 2151 653 2198 seu
676 2130 793 2197 ultima
815 2129 987 2197 voluntate
1011 2136 1069 2197 aut
1093 2129 1250 2196 codicillis
1273 2149 1330 2196 seu
1355 2129 1429 2196 ahie
1453 2128 1521 2195 suis
1543 2129 1658 2196 litteris
1679 2131 1766 2212 apud
1782 2135 2030 2212 tastamentum,

372 2244 410 2304 ut
432 2237 562 2320 dicitur,
587 2237 785 2321 disposuerit
806 2244 840 2304 et
855 2237 1005 2320 volucrit,
1031 2239 1116 2318 quod
1132 2238 1195 2304 due
1211 2236 1346 2319 pelves·
1366 2242 1522 2320 argentee
1539 2242 1573 2301 et
1589 2239 1729 2317 quedam
1744 2243 1837 2302 certa
1853 2235 1920 2302 alia
1935 2257 2030 2319 vasa,

372 2343 525 2412 videlicet
541 2343 629 2428 ciphi
645 2352 678 2411 et
695 2344 889 2428 parapsides
905 2344 1055 2428 preciosa
1071 2351 1105 2410 et
1117 2343 1228 2426 aliqua
1239 2347 1409 2425 deaurata,
1428 2363 1487 2426 par
1499 2361 1572 2409 eam
1584 2345 1626 2408 ad
1639 2341 1821 2424 predictam
1833 2341 2031 2412 ecclesiam'²

373 2453 543 2534 deputata,
568 2451 708 2518 alienari
731 2451 773 2517 ab
797 2451 872 2534 ipsa
896 2451 1035 2518 ecclesia
1058 2471 1123 2518 non
1147 2452 1314 2533 deberent,
1340 2453 1397 2516 sed
1413 2448 1583 2533 perpetuis
1598 2449 1802 2532 temporibus
1819 2454 1908 2532 apud
1923 2451 2032 2534 ipsam

372 2557 543 2626 ecclesiam
567 2577 746 2640 remanere,
770 2563 808 2623 ut
823 2541 985 2626 'videncet
1008 2557 1277 2625 commemoracio
1301 2577 1380 2624 cene
1397 2556 1518 2624 domini
1532 2557 1566 2622 in
1581 2556 1685 2640 ipsius
1701 2575 1780 2624 cene
1797 2557 1849 2623 die
1864 2557 1899 2623 in
1915 2561 2033 2625 eadem

372 2665 520 2746 ecclesia,
535 2671 633 2748 prout
645 2665 837 2746 quibusdam
862 2663 961 2731 certis
983 2664 1175 2732 ministeriis
1191 2671 1225 2732 et
1241 2663 1539 2748 sollempnitatibus
1555 2663 1660 2745 ipsam
1676 2666 1898 2748 peragendam
1914 2668 2032 2732 eadem

371 2771 543 2839 fundatrix
566 2771 769 2854 instituerat,
801 2777 1026 2856 perageretur,
1051 2773 1206 2854 decanus,
1233 2825 1264 2840 ..
1291 2771 1450 2852 canonici,
1482 2769 1600 2838 vicarii
1622 2777 1657 2837 et
1684 2769 1741 2836 alii
1763 2769 1866 2854 ipsius
1890 2772 2031 2840 ecclesie

371 2879 514 2946 ministri
542 2878 577 2945 in
600 2877 749 2962 predicto
772 2877 956 2945 ministerio
981 2885 1015 2944 et
1038 2878 1264 2946 celebracione
1287 2878 1440 2946 memorie
1464 2897 1523 2961 pro
1547 2876 1700 2946 lavandis
1723 2877 1865 2944 fratrum
1889 2878 2031 2961 pedibus

370 2986 452 3069 ipsis
476 2985 637 3068 pelvibus,
662 2992 700 3052 ιιι
723 2984 822 3052 moris
846 2990 907 3066 est,
932 2985 1229 3068 parapsioibusque
1252 2990 1286 3052 et
1310 2985 1417 3068 ciphis
1441 3003 1481 3051 ac
1505 2984 1580 3050 aliis
1604 2983 1694 3052 vasis
1714 2987 1756 3050 ad
1772 3003 1860 3066 usus,
1886 2989 1929 3051 ad
1948 3005 2031 3068 quos

271 3165 275 3174 ,
371 3093 489 3160 relicta
501 3099 535 3160 et
551 3095 711 3174 deputata
727 3089 870 3173 lucrant,
887 3097 1069 3174 uterentur,
1088 3100 1244 3174 certaque
1260 3111 1346 3175 pena
1361 3091 1395 3158 in
1412 3097 1563 3174 pretaeto
1579 3097 1779 3158 testamento
1796 3111 1853 3158 seu
1869 3092 2030 3160 codicillis

371 3200 424 3266 vel
455 3199 529 3266 aliis
559 3197 682 3282 liberie,
715 3205 751 3264 ιι
782 3197 913 3281 dicitur,
946 3198 1099 3281 apposita
1127 3196 1238 3280 luerit,
1263 3202 1359 3281 quod,
1384 3198 1414 3265 si
1437 3197 1525 3265 dicte
1550 3199 1671 3282 pelves,
1696 3198 1903 3282 parapsides,
1929 3199 2029 3284 ciphi,

370 3307 424 3374 vel
447 3306 514 3372 alia
537 3325 621 3373 vasa
643 3310 796 3388 protacta
818 3324 878 3388 per
895 3357 901 3370 .
918 3289 1111 3387 (decanum,
1131 3363 1137 3374 .
1153 3301 1159 3371 ζ
1178 3305 1364 3386 canonicos,
1389 3304 1532 3372 vicarios
1555 3305 1609 3372 vel
1625 3304 1709 3372 alias
1725 3304 1872 3387 predicte
1889 3307 2029 3374 ecclesie

371 3431 531 3496 personas
555 3411 790 3494 alienarentur,
815 3418 937 3479 extunc
960 3432 1047 3495 pena
1069 3413 1143 3495 ipsa
1158 3412 1313 3496 apposita
1329 3431 1387 3496 per
1404 3411 1588 3479 alienantes
1606 3411 1777 3480 commissa
1791 3410 1863 3479 fore
1880 3415 2027 3494 deberet,

372 3540 411 3586 ac
429 3517 688 3586 testamentariis
701 3538 758 3585 seu
771 3519 1021 3586 manulidelibus
1033 3519 1138 3601 ipsius
1151 3519 1333 3586 Katherine
1346 3525 1380 3586 et
1392 3519 1475 3601 ahis,
1493 3519 1611 3600 quibus
1624 3520 1807 3586 constituta
1819 3525 1853 3586 et
1865 3521 2029 3601 deputata

371 3623 514 3708 luerent,
533 3625 634 3692 tribui
646 3632 680 3692 et
692 3625 852 3708 persolvi:
874 3625 951 3707 quia
961 3645 1041 3694 vero
1055 3678 1062 3692 .
1076 3681 1081 3693 .
1096 3629 1240 3694 decanus
1251 3633 1286 3692 et
1295 3625 1474 3709 capitulum
1485 3625 1632 3708 predicte
1643 3626 1780 3692 ecclesie
1791 3624 2026 3709 formidabant,

371 3732 458 3800 sicut
481 3736 515 3798 et
537 3731 654 3799 merito
678 3738 844 3815 poterant,
869 3733 1043 3815 presertim
1066 3753 1126 3816 per
1149 3752 1225 3800 suos
1249 3741 1284 3800 et
1307 3731 1443 3800 ecclesie
1467 3731 1589 3799 amicos
1613 3731 1788 3815 premuniti
1803 3732 2028 3800 verisimiliter

370 3839 558 3922 formidare,
584 3843 679 3922 quod,
697 3839 725 3905 si
741 3858 808 3906 una
824 3840 948 3906 dierum
964 3841 1187 3907 Romanorum
1202 3859 1260 3907 rex
1276 3839 1331 3908 val
1344 3838 1526 3922 imperator
1542 3843 1601 3906 aut
1617 3839 1701 3906 alius
1716 3858 1855 3923 magnus
1872 3839 2027 3924 princeps

370 3946 425 4015 vel
454 3946 611 4028 dominus,
644 3945 699 4029 qui
728 3952 767 4011 ut
795 3944 987 4028 frequenter
1017 3950 1059 4014 ad
1090 3947 1221 4030 opidum
1244 3945 1480 4013 Frankinvord
1504 3945 1678 4028 pervenire
1702 3953 1736 4012 et
1757 3945 1877 4012 ibidem
1900 3965 2027 4014 moram

370 4053 482 4120 lacere
514 4061 764 4136 consueverunt,
797 4073 869 4120 cum
900 4054 1062 4121 haberent
1092 4073 1173 4137 opus
1204 4057 1243 4120 de
1274 4052 1423 4137 pelvibus
1454 4059 1512 4119 aut
1539 4052 1630 4121 vasis
1653 4053 1831 4138 argenteis,
1856 4054 2026 4137 predictas

331 4209 334 4216 ι
371 4161 484 4244 pelves
514 4168 549 4227 et
577 4181 661 4230 vasa
691 4181 750 4244 pro
778 4160 825 4227 eis
848 4159 979 4227 utendis
1003 4160 1066 4226 sibi
1088 4160 1272 4244 importune
1296 4164 1448 4244 peterent
1471 4167 1505 4226 et
1528 4160 1716 4226 obtinerent
1739 4160 1885 4242 concedi,
1910 4169 1947 4227 et
1971 4181 2027 4229 eas

371 4287 428 4335 seu
460 4287 499 4334 ea
529 4275 684 4351 posterea
713 4267 844 4334 minime
873 4265 1023 4334 facerent
1050 4267 1145 4334 reddi
1168 4274 1202 4334 et
1225 4267 1357 4334 restitui
1378 4267 1460 4350 ipsis
1483 4269 1606 4334 decano
1631 4275 1666 4334 et
1688 4267 1832 4349 capitulo
1856 4273 2026 4336 eteorum

371 4374 508 4442 ecclesie
538 4374 738 4458 supradicte,
769 4379 868 4457 prout
898 4373 1001 4440 eciam
1031 4377 1160 4442 eosdem
1186 4427 1218 4440 ..
1244 4377 1402 4440 decanum
1433 4380 1467 4440 et
1497 4373 1676 4456 capitulum
1703 4379 1736 4440 et
1759 4375 1918 4456 quosdam
1942 4375 2025 4443 alios

369 4481 518 4549 homines
540 4481 574 4548 in
590 4480 824 4548 Frankinvord
848 4479 1055 4562 experiencia
1069 4480 1104 4546 in
1120 4479 1194 4547 aliis
1209 4481 1307 4548 rebus
1323 4486 1358 4547 et
1373 4479 1567 4547 utensilibus
1584 4499 1624 4546 ac
1640 4479 1807 4546 cleinodiis
1823 4478 2025 4563 perfactam

370 4588 473 4656 simile
507 4587 627 4654 dicitur
659 4587 823 4654 docuisse:
858 4586 961 4671 igitur
990 4643 996 4656 .
1023 4640 1029 4654 .
1060 4591 1203 4654 decanus
1236 4594 1270 4653 et
1303 4587 1482 4670 capitulum
1514 4584 1697 4669 supradicti
1729 4587 1823 4653 nobis
1855 4587 2026 4656 humiliter

370 4694 608 4778 supplicarunt,
641 4700 803 4775 quatenus
834 4693 881 4760 eis
910 4713 995 4761 vasa
1023 4700 1177 4775 pretecta
1206 4697 1349 4762 vendere
1380 4699 1413 4760 et
1437 4692 1582 4759 alienare
1606 4699 1640 4760 et
1662 4692 1696 4760 in
1720 4693 1819 4760 aliam
1843 4694 2027 4762 utilitatem

370 4801 506 4869 ecclesie
530 4801 677 4884 predicte
701 4805 895 4870 convertere
920 4819 978 4866 seu
1002 4807 1201 4868 commutare
1223 4800 1364 4868 liceras
1404 4801 1472 4867 Nos
1495 4818 1573 4868 vero
1598 4819 1708 4867 eorum
1724 4799 2027 4882 supplicacionibus

369 4916 536 4991 tamquam
558 4907 655 4974 iustis
678 4905 910 4976 favorabiliter
933 4913 1126 4989 annuentes,
1152 4906 1320 4990 premissis
1337 4913 1371 4972 et
1387 4905 1460 4972 aliis
1477 4905 1577 4972 certis
1593 4912 1627 4972 et
1643 4905 1899 4974 rationabilibus
1915 4909 2027 4976 cauus

369 5037 430 5084 noa
458 5015 675 5097 moventibus,
708 5013 865 5098 predictis
890 5065 896 5079 .
917 5068 923 5080 .
948 5017 1072 5081 decano
1103 5021 1136 5081 et
1167 5013 1321 5096 capitulo,
1354 5016 1440 5095 quod
1469 5011 1637 5096 predictas
1667 5012 1789 5096 pelves„
1814 5015 2024 5102 parapsides,

370 5123 482 5206 ciphos
506 5143 545 5190 ac
569 5123 636 5190 alia
658 5141 741 5189 vasa
764 5127 926 5205 pretacta,
952 5141 1010 5204 per
1034 5121 1216 5204 predictam
1239 5123 1402 5202 quondam
1424 5119 1640 5186 Katherinam
1663 5118 1716 5187 vel
1739 5138 1963 5202 quoscumque
1983 5125 2026 5188 ad

368 5229 474 5313 ipsam
490 5228 661 5296 ecclesiam
676 5230 798 5313 legata,
817 5227 986 5311 calicibus,
1004 5228 1164 5311 ampullis,
1182 5226 1358 5294 thuribulis
1374 5232 1408 5292 et
1424 5224 1581 5292 similibus
1597 5225 1687 5293 vasis
1703 5225 1809 5293 sacris
1821 5229 1864 5293 ad
1877 5227 2026 5295 divinum

369 5336 507 5404 officium
531 5336 699 5419 deputatis
715 5342 749 5403 et
765 5335 961 5403 necessariis
978 5334 1135 5418 exceptis,
1161 5354 1242 5417 quos
1257 5333 1386 5401 omnino
1403 5331 1541 5399 alienari
1557 5333 1715 5414 nolumus,
1740 5335 1957 5403 communiter
1972 5335 2028 5402 vel

369 5443 498 5512 divisim
528 5443 674 5511 alienare
704 5450 738 5510 et
767 5443 915 5510 redditur
946 5462 1005 5526 pro
1036 5441 1178 5508 ecclesia
1201 5441 1351 5525 predicta
1373 5439 1415 5506 de
1438 5439 1558 5523 precio,
1583 5443 1669 5521 quod
1693 5439 1811 5507 exinde
1834 5441 2026 5525 habuerint,

369 5571 561 5635 comparare
584 5552 638 5620 vel
660 5551 734 5633 ipsa
755 5570 840 5619 vasa
863 5550 998 5618 conflari
1020 5547 1132 5617 facere
1156 5556 1190 5616 et
1213 5549 1280 5616 alia
1302 5567 1385 5616 vasa
1408 5565 1465 5613 seu
1490 5554 1685 5614 ornamenta
1707 5567 1748 5614 ex
1763 5545 1811 5613 cis
1827 5567 1888 5630 pro
1905 5551 2026 5616 decore

635 5801 659 5846 ιι
675 5798 716 5843 Or.
730 5797 849 5854 ,peluem
877 5799 901 5853 b)
918 5788 982 5842 Uber
996 5798 1040 5842 der
1054 5797 1127 5842 Zella.
1154 5799 1176 5852 e)
1192 5797 1232 5841 Or.
1248 5799 1380 5852 ,penante
