<?xml version="1.0" encoding="UTF-8"?>
<!DOCTYPE html PUBLIC "-//W3C//DTD XHTML 1.0 Transitional//EN"
    "http://www.w3.org/TR/xhtml1/DTD/xhtml1-transitional.dtd">
<html xmlns="http://www.w3.org/1999/xhtml" xml:lang="en" lang="en">
 <head>
  <title>
</title>
<meta http-equiv="Content-Type" content="text/html;charset=utf-8" />
  <meta name='ocr-system' content='tesseract 3.04.00' />
  <meta name='ocr-capabilities' content='ocr_page ocr_carea ocr_par ocr_line ocrx_word'/>
</head>
<body>
  <div class='ocr_page' id='page_1' title='image "./codexdiplomatic01nathgoog_0149.png"; bbox 0 0 4414 6402; ppageno 0'>
   <div class='ocr_carea' id='block_1_1' title="bbox 894 339 1820 410">
    <p class='ocr_par' dir='ltr' id='par_1_1' title="bbox 894 339 1820 410">
     <span class='ocr_line' id='line_1_1' title="bbox 894 339 1820 410; baseline 0.013 -14"><span class='ocrx_word' id='word_1_1' title='bbox 894 341 962 396; x_wconf 82' lang='grc'>1001</span> <span class='ocrx_word' id='word_1_2' title='bbox 981 341 1039 398; x_wconf 79' lang='lat' dir='ltr'><strong>run</strong></span> <span class='ocrx_word' id='word_1_3' title='bbox 1057 342 1101 398; x_wconf 87' lang='grc'><strong>01,</strong></span> <span class='ocrx_word' id='word_1_4' title='bbox 1757 339 1820 410; x_wconf 79' lang='grc'><strong>131</strong></span> 
     </span>
    </p>
   </div>
   <div class='ocr_carea' id='block_1_2' title="bbox 167 535 1829 3068">
    <p class='ocr_par' dir='ltr' id='par_1_2' title="bbox 167 535 1829 3068">
     <span class='ocr_line' id='line_1_2' title="bbox 177 535 1823 622; baseline 0.001 -20"><span class='ocrx_word' id='word_1_5' title='bbox 177 536 275 602; x_wconf 79' lang='lat' dir='ltr'><strong>adhuc</strong></span> <span class='ocrx_word' id='word_1_6' title='bbox 306 535 463 617; x_wconf 74' lang='lat' dir='ltr'><strong>hebetius,</strong></span> <span class='ocrx_word' id='word_1_7' title='bbox 492 535 637 602; x_wconf 81' lang='lat' dir='ltr'><strong>ereditur</strong></span> <span class='ocrx_word' id='word_1_8' title='bbox 668 541 702 604; x_wconf 89' lang='lat' dir='ltr'><strong>et</strong></span> <span class='ocrx_word' id='word_1_9' title='bbox 732 536 945 604; x_wconf 77' lang='lat' dir='ltr'><strong>communiter</strong></span> <span class='ocrx_word' id='word_1_10' title='bbox 975 541 1160 619; x_wconf 81' lang='lat' dir='ltr'><strong>reputatur.</strong></span> <span class='ocrx_word' id='word_1_11' title='bbox 1221 537 1334 605; x_wconf 91' lang='lat' dir='ltr'><strong>Credit</strong></span> <span class='ocrx_word' id='word_1_12' title='bbox 1363 538 1529 622; x_wconf 89' lang='lat' dir='ltr'><strong>Nycolaus</strong></span> <span class='ocrx_word' id='word_1_13' title='bbox 1560 544 1755 621; x_wconf 90' lang='lat' dir='ltr'><strong>procurator</strong></span> <span class='ocrx_word' id='word_1_14' title='bbox 1785 545 1823 604; x_wconf 91' lang='lat' dir='ltr'><strong>ut</strong></span> 
     </span>
     <span class='ocr_line' id='line_1_3' title="bbox 174 641 1824 727; baseline 0.001 -19"><span class='ocrx_word' id='word_1_15' title='bbox 174 653 277 724; x_wconf 84' lang='lat' dir='ltr'><strong>supra.</strong></span> <span class='ocrx_word' id='word_1_16' title='bbox 327 643 360 722; x_wconf 81' lang='grc'><strong>7)</strong></span> <span class='ocrx_word' id='word_1_17' title='bbox 384 641 479 724; x_wconf 87' lang='grc' dir='ltr'>Ι1010,</span> <span class='ocrx_word' id='word_1_18' title='bbox 492 645 589 724; x_wconf 84' lang='lat' dir='ltr'><strong>¹quod</strong></span> <span class='ocrx_word' id='word_1_19' title='bbox 615 693 646 708; x_wconf 93' lang='lat'><strong>..</strong></span> <span class='ocrx_word' id='word_1_20' title='bbox 673 643 860 726; x_wconf 89' lang='lat' dir='ltr'><strong>prepositus</strong></span> <span class='ocrx_word' id='word_1_21' title='bbox 884 643 973 710; x_wconf 86' lang='lat' dir='ltr'><strong>dicta</strong></span> <span class='ocrx_word' id='word_1_22' title='bbox 998 643 1144 726; x_wconf 87' lang='lat' dir='ltr'><strong>ecclesie,</strong></span> <span class='ocrx_word' id='word_1_23' title='bbox 1169 643 1225 726; x_wconf 87' lang='lat' dir='ltr'><strong>qui</strong></span> <span class='ocrx_word' id='word_1_24' title='bbox 1248 642 1312 710; x_wconf 89' lang='lat' dir='ltr'><strong>luit·</strong></span> <span class='ocrx_word' id='word_1_25' title='bbox 1327 649 1370 710; x_wconf 91' lang='lat' dir='ltr'><strong>·et</strong></span> <span class='ocrx_word' id='word_1_26' title='bbox 1385 651 1436 710; x_wconf 89' lang='lat' dir='ltr'><strong>est</strong></span> <span class='ocrx_word' id='word_1_27' title='bbox 1452 663 1511 727; x_wconf 92' lang='lat' dir='ltr'><strong>pro</strong></span> <span class='ocrx_word' id='word_1_28' title='bbox 1528 649 1683 726; x_wconf 89' lang='lat' dir='ltr'><strong>tempore,</strong></span> <span class='ocrx_word' id='word_1_29' title='bbox 1707 645 1824 711; x_wconf 90' lang='lat' dir='ltr'><strong>habuit</strong></span> 
     </span>
     <span class='ocr_line' id='line_1_4' title="bbox 173 743 1823 834; baseline 0 -18"><span class='ocrx_word' id='word_1_30' title='bbox 173 755 206 816; x_wconf 84' lang='lat' dir='ltr'><strong>ot</strong></span> <span class='ocrx_word' id='word_1_31' title='bbox 225 749 326 815; x_wconf 83' lang='lat' dir='ltr'><strong>habet</strong></span> <span class='ocrx_word' id='word_1_32' title='bbox 349 743 607 816; x_wconf 82' lang='lat' dir='ltr'><strong>iurisdictionem</strong></span> <span class='ocrx_word' id='word_1_33' title='bbox 631 748 891 816; x_wconf 86' lang='lat' dir='ltr'><strong>ecclesiasticam</strong></span> <span class='ocrx_word' id='word_1_34' title='bbox 913 750 946 816; x_wconf 94' lang='lat' dir='ltr'><strong>in</strong></span> <span class='ocrx_word' id='word_1_35' title='bbox 971 750 1089 834; x_wconf 86' lang='lat' dir='ltr'><strong>oppido</strong></span> <span class='ocrx_word' id='word_1_36' title='bbox 1114 759 1148 817; x_wconf 92' lang='grc'><strong>01</strong></span> <span class='ocrx_word' id='word_1_37' title='bbox 1170 749 1257 818; x_wconf 82' lang='lat' dir='ltr'><strong>villis</strong></span> <span class='ocrx_word' id='word_1_38' title='bbox 1281 750 1466 834; x_wconf 79' lang='lat' dir='ltr'><strong>prenotatis</strong></span> <span class='ocrx_word' id='word_1_39' title='bbox 1488 749 1578 816; x_wconf 89' lang='lat' dir='ltr'><strong>inira</strong></span> <span class='ocrx_word' id='word_1_40' title='bbox 1600 750 1720 816; x_wconf 87' lang='grc'>11101100</span> <span class='ocrx_word' id='word_1_41' title='bbox 1737 749 1823 817; x_wconf 92' lang='lat' dir='ltr'><strong>dicte</strong></span> 
     </span>
     <span class='ocr_line' id='line_1_5' title="bbox 173 853 1823 940; baseline 0.001 -20"><span class='ocrx_word' id='word_1_42' title='bbox 173 853 307 922; x_wconf 89' lang='lat' dir='ltr'><strong>ecclesia</strong></span> <span class='ocrx_word' id='word_1_43' title='bbox 327 853 437 920; x_wconf 85' lang='lat' dir='ltr'><strong>sancti</strong></span> <span class='ocrx_word' id='word_1_44' title='bbox 451 854 683 936; x_wconf 87' lang='lat' dir='ltr'><strong>Bartholomei,</strong></span> <span class='ocrx_word' id='word_1_45' title='bbox 709 863 746 921; x_wconf 89' lang='lat' dir='ltr'><strong>ut</strong></span> <span class='ocrx_word' id='word_1_46' title='bbox 762 855 884 922; x_wconf 88' lang='lat' dir='ltr'><strong>dictum</strong></span> <span class='ocrx_word' id='word_1_47' title='bbox 902 861 962 937; x_wconf 86' lang='lat' dir='ltr'><strong>est,</strong></span> <span class='ocrx_word' id='word_1_48' title='bbox 988 855 1217 938; x_wconf 68' lang='lat' dir='ltr'><strong>existentibus,</strong></span> <span class='ocrx_word' id='word_1_49' title='bbox 1241 855 1396 924; x_wconf 87' lang='lat' dir='ltr'><strong>videlicet</strong></span> <span class='ocrx_word' id='word_1_50' title='bbox 1411 855 1632 940; x_wconf 88' lang='lat' dir='ltr'><strong>cognicionem</strong></span> <span class='ocrx_word' id='word_1_51' title='bbox 1650 875 1823 922; x_wconf 87' lang='lat' dir='ltr'><strong>causarum</strong></span> 
     </span>
     <span class='ocr_line' id='line_1_6' title="bbox 172 959 1824 1046; baseline 0 -18"><span class='ocrx_word' id='word_1_52' title='bbox 172 959 467 1042; x_wconf 82' lang='lat' dir='ltr'><strong>matrimonialium,</strong></span> <span class='ocrx_word' id='word_1_53' title='bbox 492 977 666 1028; x_wconf 83' lang='lat' dir='ltr'><strong>usurarum</strong></span> <span class='ocrx_word' id='word_1_54' title='bbox 695 967 729 1028; x_wconf 89' lang='lat' dir='ltr'><strong>et</strong></span> <span class='ocrx_word' id='word_1_55' title='bbox 752 962 889 1029; x_wconf 92' lang='lat' dir='ltr'><strong>aliorum</strong></span> <span class='ocrx_word' id='word_1_56' title='bbox 911 962 1030 1029; x_wconf 89' lang='lat' dir='ltr'><strong>iurium</strong></span> <span class='ocrx_word' id='word_1_57' title='bbox 1054 961 1273 1046; x_wconf 74' lang='lat' dir='ltr'><strong>spiritualium</strong></span> <span class='ocrx_word' id='word_1_58' title='bbox 1297 962 1501 1044; x_wconf 86' lang='lat' dir='ltr'><strong>exercicium,</strong></span> <span class='ocrx_word' id='word_1_59' title='bbox 1527 982 1588 1045; x_wconf 87' lang='lat' dir='ltr'><strong>que</strong></span> <span class='ocrx_word' id='word_1_60' title='bbox 1613 962 1669 1029; x_wconf 88' lang='lat' dir='ltr'><strong>alii</strong></span> <span class='ocrx_word' id='word_1_61' title='bbox 1693 1015 1724 1029; x_wconf 93' lang='lat'><strong>..</strong></span> <span class='ocrx_word' id='word_1_62' title='bbox 1750 981 1824 1044; x_wconf 93' lang='lat' dir='ltr'><strong>pre-</strong></span> 
     </span>
     <span class='ocr_line' id='line_1_7' title="bbox 172 1067 1823 1153; baseline 0 -19"><span class='ocrx_word' id='word_1_63' title='bbox 172 1067 269 1150; x_wconf 82' lang='lat' dir='ltr'><strong>positi</strong></span> <span class='ocrx_word' id='word_1_64' title='bbox 291 1067 482 1152; x_wconf 86' lang='lat' dir='ltr'><strong>lloguntine</strong></span> <span class='ocrx_word' id='word_1_65' title='bbox 511 1067 661 1152; x_wconf 82' lang='lat' dir='ltr'><strong>dyocesis</strong></span> <span class='ocrx_word' id='word_1_66' title='bbox 690 1067 950 1136; x_wconf 90' lang='lat' dir='ltr'><strong>iurisdictionem</strong></span> <span class='ocrx_word' id='word_1_67' title='bbox 973 1068 1133 1136; x_wconf 89' lang='lat' dir='ltr'><strong>habentes</strong></span> <span class='ocrx_word' id='word_1_68' title='bbox 1157 1068 1191 1136; x_wconf 92' lang='lat' dir='ltr'><strong>in</strong></span> <span class='ocrx_word' id='word_1_69' title='bbox 1215 1069 1363 1136; x_wconf 88' lang='lat' dir='ltr'><strong>terminis</strong></span> <span class='ocrx_word' id='word_1_70' title='bbox 1387 1069 1668 1153; x_wconf 74' lang='grc'>010000110101010</span> <span class='ocrx_word' id='word_1_71' title='bbox 1691 1087 1823 1136; x_wconf 89' lang='lat' dir='ltr'><strong>suarum</strong></span> 
     </span>
     <span class='ocr_line' id='line_1_8' title="bbox 172 1173 1824 1260; baseline -0.001 -21"><span class='ocrx_word' id='word_1_72' title='bbox 172 1175 290 1260; x_wconf 67' lang='lat' dir='ltr'><strong>habere</strong></span> <span class='ocrx_word' id='word_1_73' title='bbox 314 1179 349 1239; x_wconf 86' lang='lat' dir='ltr'><strong>et</strong></span> <span class='ocrx_word' id='word_1_74' title='bbox 372 1190 527 1240; x_wconf 85' lang='lat' dir='ltr'><strong>exercere</strong></span> <span class='ocrx_word' id='word_1_75' title='bbox 546 1181 797 1241; x_wconf 87' lang='lat' dir='ltr'><strong>consueverunt.</strong></span> <span class='ocrx_word' id='word_1_76' title='bbox 846 1174 968 1256; x_wconf 88' lang='lat' dir='ltr'><strong>Credit,</strong></span> <span class='ocrx_word' id='word_1_77' title='bbox 993 1176 1079 1258; x_wconf 90' lang='lat' dir='ltr'><strong>quod</strong></span> <span class='ocrx_word' id='word_1_78' title='bbox 1104 1227 1136 1242; x_wconf 90' lang='lat'><strong>..</strong></span> <span class='ocrx_word' id='word_1_79' title='bbox 1160 1175 1348 1258; x_wconf 89' lang='lat' dir='ltr'><strong>prepositus</strong></span> <span class='ocrx_word' id='word_1_80' title='bbox 1364 1173 1686 1242; x_wconf 83' lang='lat' dir='ltr'><strong>FrankeniordcnsIs</strong></span> <span class='ocrx_word' id='word_1_81' title='bbox 1701 1175 1824 1242; x_wconf 91' lang='lat' dir='ltr'><strong>habeat</strong></span> 
     </span>
     <span class='ocr_line' id='line_1_9' title="bbox 173 1279 1824 1364; baseline 0 -18"><span class='ocrx_word' id='word_1_82' title='bbox 173 1299 367 1364; x_wconf 67' lang='lat' dir='ltr'><strong>cognoscere</strong></span> <span class='ocrx_word' id='word_1_83' title='bbox 398 1280 438 1345; x_wconf 88' lang='lat' dir='ltr'><strong>de</strong></span> <span class='ocrx_word' id='word_1_84' title='bbox 470 1279 579 1346; x_wconf 88' lang='lat' dir='ltr'><strong>causis</strong></span> <span class='ocrx_word' id='word_1_85' title='bbox 606 1279 901 1348; x_wconf 76' lang='lat' dir='ltr'><strong>matrimonialibus</strong></span> <span class='ocrx_word' id='word_1_86' title='bbox 923 1287 958 1346; x_wconf 89' lang='lat' dir='ltr'><strong>et</strong></span> <span class='ocrx_word' id='word_1_87' title='bbox 981 1300 1165 1363; x_wconf 88' lang='lat' dir='ltr'><strong>usurarum,</strong></span> <span class='ocrx_word' id='word_1_88' title='bbox 1190 1287 1300 1347; x_wconf 90' lang='lat' dir='ltr'><strong>utrum</strong></span> <span class='ocrx_word' id='word_1_89' title='bbox 1324 1281 1525 1348; x_wconf 83' lang='lat' dir='ltr'><strong>consimilem</strong></span> <span class='ocrx_word' id='word_1_90' title='bbox 1549 1281 1623 1348; x_wconf 90' lang='lat' dir='ltr'><strong>aliis</strong></span> <span class='ocrx_word' id='word_1_91' title='bbox 1647 1280 1824 1364; x_wconf 91' lang='lat' dir='ltr'><strong>prepositis</strong></span> 
     </span>
     <span class='ocr_line' id='line_1_10' title="bbox 171 1385 1825 1473; baseline -0.001 -19"><span class='ocrx_word' id='word_1_92' title='bbox 171 1390 319 1469; x_wconf 73' lang='lat' dir='ltr'><strong>dyocesr&#39;s</strong></span> <span class='ocrx_word' id='word_1_93' title='bbox 342 1385 533 1470; x_wconf 82' lang='lat' dir='ltr'><strong>Mogontinc</strong></span> <span class='ocrx_word' id='word_1_94' title='bbox 559 1387 682 1453; x_wconf 89' lang='lat' dir='ltr'><strong>habeat</strong></span> <span class='ocrx_word' id='word_1_95' title='bbox 704 1385 973 1470; x_wconf 90' lang='lat' dir='ltr'><strong>iurisdictionem,</strong></span> <span class='ocrx_word' id='word_1_96' title='bbox 997 1387 1138 1473; x_wconf 80' lang='lat' dir='ltr'><strong>ignorat.</strong></span> <span class='ocrx_word' id='word_1_97' title='bbox 1187 1389 1222 1472; x_wconf 88' lang='lat'><strong>8)</strong></span> <span class='ocrx_word' id='word_1_98' title='bbox 1245 1389 1338 1470; x_wconf 93' lang='lat' dir='ltr'><strong>Item,</strong></span> <span class='ocrx_word' id='word_1_99' title='bbox 1364 1390 1449 1470; x_wconf 87' lang='lat' dir='ltr'><strong>quod</strong></span> <span class='ocrx_word' id='word_1_100' title='bbox 1473 1388 1630 1455; x_wconf 90' lang='lat' dir='ltr'><strong>universa</strong></span> <span class='ocrx_word' id='word_1_101' title='bbox 1651 1387 1726 1456; x_wconf 91' lang='lat' dir='ltr'><strong>iura</strong></span> <span class='ocrx_word' id='word_1_102' title='bbox 1748 1406 1825 1470; x_wconf 91' lang='lat' dir='ltr'><strong>par-</strong></span> 
     </span>
     <span class='ocr_line' id='line_1_11' title="bbox 171 1487 1824 1578; baseline 0 -18"><span class='ocrx_word' id='word_1_103' title='bbox 171 1492 330 1560; x_wconf 89' lang='lat' dir='ltr'><strong>rochialia</strong></span> <span class='ocrx_word' id='word_1_104' title='bbox 360 1491 532 1574; x_wconf 77' lang='lat' dir='ltr'><strong>parrochie</strong></span> <span class='ocrx_word' id='word_1_105' title='bbox 563 1487 650 1558; x_wconf 92' lang='lat' dir='ltr'><strong>dicte</strong></span> <span class='ocrx_word' id='word_1_106' title='bbox 681 1491 819 1559; x_wconf 87' lang='lat' dir='ltr'><strong>ecclesie</strong></span> <span class='ocrx_word' id='word_1_107' title='bbox 850 1498 883 1558; x_wconf 93' lang='lat' dir='ltr'><strong>et</strong></span> <span class='ocrx_word' id='word_1_108' title='bbox 914 1499 1125 1560; x_wconf 89' lang='lat' dir='ltr'><strong>sacramenta</strong></span> <span class='ocrx_word' id='word_1_109' title='bbox 1154 1493 1383 1562; x_wconf 86' lang='lat' dir='ltr'><strong>ecclesiastica</strong></span> <span class='ocrx_word' id='word_1_110' title='bbox 1411 1494 1639 1578; x_wconf 78' lang='lat' dir='ltr'><strong>parrochianis</strong></span> <span class='ocrx_word' id='word_1_111' title='bbox 1668 1495 1704 1561; x_wconf 91' lang='lat' dir='ltr'><strong>in</strong></span> <span class='ocrx_word' id='word_1_112' title='bbox 1728 1493 1824 1561; x_wconf 91' lang='lat' dir='ltr'><strong>dictis</strong></span> 
     </span>
     <span class='ocr_line' id='line_1_12' title="bbox 171 1598 1825 1684; baseline 0.001 -18"><span class='ocrx_word' id='word_1_113' title='bbox 171 1598 288 1682; x_wconf 91' lang='lat' dir='ltr'><strong>oppido</strong></span> <span class='ocrx_word' id='word_1_114' title='bbox 313 1603 346 1664; x_wconf 91' lang='lat' dir='ltr'><strong>et</strong></span> <span class='ocrx_word' id='word_1_115' title='bbox 369 1598 450 1666; x_wconf 88' lang='lat' dir='ltr'><strong>locis</strong></span> <span class='ocrx_word' id='word_1_116' title='bbox 473 1599 681 1684; x_wconf 83' lang='lat' dir='ltr'><strong>ponigenda,</strong></span> <span class='ocrx_word' id='word_1_117' title='bbox 705 1598 859 1666; x_wconf 88' lang='lat' dir='ltr'><strong>videlicet</strong></span> <span class='ocrx_word' id='word_1_118' title='bbox 882 1599 1067 1684; x_wconf 86' lang='lat' dir='ltr'><strong>baptismus</strong></span> <span class='ocrx_word' id='word_1_119' title='bbox 1090 1607 1124 1668; x_wconf 92' lang='grc'><strong>01</strong></span> <span class='ocrx_word' id='word_1_120' title='bbox 1147 1605 1268 1684; x_wconf 87' lang='grc'>001010,</span> <span class='ocrx_word' id='word_1_121' title='bbox 1294 1621 1315 1667; x_wconf 93' lang='grc'><strong>0</strong></span> <span class='ocrx_word' id='word_1_122' title='bbox 1337 1607 1484 1684; x_wconf 88' lang='lat' dir='ltr'><strong>tempore</strong></span> <span class='ocrx_word' id='word_1_123' title='bbox 1507 1599 1714 1668; x_wconf 92' lang='lat' dir='ltr'><strong>iundacionis</strong></span> <span class='ocrx_word' id='word_1_124' title='bbox 1738 1600 1825 1668; x_wconf 89' lang='lat' dir='ltr'><strong>dicte</strong></span> 
     </span>
     <span class='ocr_line' id='line_1_13' title="bbox 171 1703 1824 1790; baseline 0.001 -18"><span class='ocrx_word' id='word_1_125' title='bbox 171 1703 307 1774; x_wconf 88' lang='lat' dir='ltr'><strong>ecclesie</strong></span> <span class='ocrx_word' id='word_1_126' title='bbox 338 1704 570 1788; x_wconf 87' lang='lat' dir='ltr'><strong>pertinuerunt</strong></span> <span class='ocrx_word' id='word_1_127' title='bbox 601 1711 635 1772; x_wconf 91' lang='grc'><strong>01</strong></span> <span class='ocrx_word' id='word_1_128' title='bbox 665 1706 772 1772; x_wconf 90' lang='lat' dir='ltr'><strong>adhuc</strong></span> <span class='ocrx_word' id='word_1_129' title='bbox 803 1706 970 1788; x_wconf 91' lang='lat' dir='ltr'><strong>pertinent</strong></span> <span class='ocrx_word' id='word_1_130' title='bbox 993 1709 1034 1772; x_wconf 90' lang='lat' dir='ltr'><strong>ad</strong></span> <span class='ocrx_word' id='word_1_131' title='bbox 1060 1759 1092 1772; x_wconf 89' lang='lat'><strong>..</strong></span> <span class='ocrx_word' id='word_1_132' title='bbox 1118 1709 1277 1773; x_wconf 90' lang='lat' dir='ltr'><strong>decanum</strong></span> <span class='ocrx_word' id='word_1_133' title='bbox 1301 1713 1335 1772; x_wconf 89' lang='lat' dir='ltr'><strong>et</strong></span> <span class='ocrx_word' id='word_1_134' title='bbox 1360 1758 1392 1772; x_wconf 92' lang='lat'><strong>..</strong></span> <span class='ocrx_word' id='word_1_135' title='bbox 1418 1706 1606 1790; x_wconf 90' lang='lat' dir='ltr'><strong>capitulum,</strong></span> <span class='ocrx_word' id='word_1_136' title='bbox 1632 1725 1759 1774; x_wconf 84' lang='lat' dir='ltr'><strong>necnon</strong></span> <span class='ocrx_word' id='word_1_137' title='bbox 1783 1711 1824 1773; x_wconf 88' lang='lat' dir='ltr'><strong>ad</strong></span> 
     </span>
     <span class='ocr_line' id='line_1_14' title="bbox 171 1811 1825 1897; baseline 0.001 -19"><span class='ocrx_word' id='word_1_138' title='bbox 171 1811 342 1879; x_wconf 85' lang='grc'>0001001001</span> <span class='ocrx_word' id='word_1_139' title='bbox 372 1831 466 1878; x_wconf 86' lang='lat' dir='ltr'><strong>suam</strong></span> <span class='ocrx_word' id='word_1_140' title='bbox 496 1811 690 1880; x_wconf 89' lang='lat' dir='ltr'><strong>antedictos.</strong></span> <span class='ocrx_word' id='word_1_141' title='bbox 740 1812 853 1880; x_wconf 85' lang='lat' dir='ltr'><strong>Credit</strong></span> <span class='ocrx_word' id='word_1_142' title='bbox 875 1813 1041 1897; x_wconf 79' lang='lat' dir='ltr'><strong>Nycolaus</strong></span> <span class='ocrx_word' id='word_1_143' title='bbox 1071 1819 1276 1896; x_wconf 90' lang='lat' dir='ltr'><strong>procurator,</strong></span> <span class='ocrx_word' id='word_1_144' title='bbox 1302 1815 1387 1895; x_wconf 91' lang='lat' dir='ltr'><strong>quod</strong></span> <span class='ocrx_word' id='word_1_145' title='bbox 1411 1812 1485 1879; x_wconf 92' lang='lat' dir='ltr'><strong>iura</strong></span> <span class='ocrx_word' id='word_1_146' title='bbox 1508 1813 1729 1895; x_wconf 82' lang='lat' dir='ltr'><strong>parrochialis</strong></span> <span class='ocrx_word' id='word_1_147' title='bbox 1752 1833 1825 1897; x_wconf 92' lang='lat' dir='ltr'><strong>per-</strong></span> 
     </span>
     <span class='ocr_line' id='line_1_15' title="bbox 170 1917 1824 2003; baseline 0.001 -17"><span class='ocrx_word' id='word_1_148' title='bbox 170 1917 299 1986; x_wconf 82' lang='lat' dir='ltr'><strong>tincant</strong></span> <span class='ocrx_word' id='word_1_149' title='bbox 322 1920 365 1986; x_wconf 87' lang='lat' dir='ltr'><strong>ad</strong></span> <span class='ocrx_word' id='word_1_150' title='bbox 391 1969 423 1988; x_wconf 92' lang='lat'><strong>..</strong></span> <span class='ocrx_word' id='word_1_151' title='bbox 448 1917 621 2000; x_wconf 89' lang='lat' dir='ltr'><strong>plebanum</strong></span> <span class='ocrx_word' id='word_1_152' title='bbox 646 1937 706 2002; x_wconf 93' lang='lat' dir='ltr'><strong>pro</strong></span> <span class='ocrx_word' id='word_1_153' title='bbox 730 1925 876 2003; x_wconf 86' lang='lat' dir='ltr'><strong>tempore</strong></span> <span class='ocrx_word' id='word_1_154' title='bbox 900 1919 1105 2000; x_wconf 83' lang='lat' dir='ltr'><strong>existentem,</strong></span> <span class='ocrx_word' id='word_1_155' title='bbox 1131 1924 1166 1985; x_wconf 91' lang='grc'><strong>01</strong></span> <span class='ocrx_word' id='word_1_156' title='bbox 1188 1919 1290 2002; x_wconf 91' lang='lat' dir='ltr'><strong>addit,</strong></span> <span class='ocrx_word' id='word_1_157' title='bbox 1316 1922 1402 2001; x_wconf 91' lang='lat' dir='ltr'><strong>quod</strong></span> <span class='ocrx_word' id='word_1_158' title='bbox 1425 1917 1546 1987; x_wconf 91' lang='lat' dir='ltr'><strong>viderit</strong></span> <span class='ocrx_word' id='word_1_159' title='bbox 1568 1927 1601 1986; x_wconf 90' lang='lat' dir='ltr'><strong>et</strong></span> <span class='ocrx_word' id='word_1_160' title='bbox 1624 1917 1824 2000; x_wconf 75' lang='lat' dir='ltr'><strong>interfuerit,</strong></span> 
     </span>
     <span class='ocr_line' id='line_1_16' title="bbox 169 2023 1825 2110; baseline 0 -18"><span class='ocrx_word' id='word_1_161' title='bbox 169 2028 255 2107; x_wconf 83' lang='lat' dir='ltr'><strong>quod</strong></span> <span class='ocrx_word' id='word_1_162' title='bbox 285 2027 441 2107; x_wconf 87' lang='lat' dir='ltr'><strong>decauus,</strong></span> <span class='ocrx_word' id='word_1_163' title='bbox 466 2023 521 2108; x_wconf 88' lang='lat' dir='ltr'><strong>qui</strong></span> <span class='ocrx_word' id='word_1_164' title='bbox 551 2043 591 2094; x_wconf 90' lang='lat' dir='ltr'><strong>eo</strong></span> <span class='ocrx_word' id='word_1_165' title='bbox 620 2031 767 2108; x_wconf 88' lang='lat' dir='ltr'><strong>tempore</strong></span> <span class='ocrx_word' id='word_1_166' title='bbox 798 2024 872 2108; x_wconf 89' lang='lat' dir='ltr'><strong>iuit,</strong></span> <span class='ocrx_word' id='word_1_167' title='bbox 897 2026 933 2093; x_wconf 90' lang='lat' dir='ltr'><strong>in</strong></span> <span class='ocrx_word' id='word_1_168' title='bbox 963 2023 1059 2092; x_wconf 85' lang='lat' dir='ltr'><strong>lestis</strong></span> <span class='ocrx_word' id='word_1_169' title='bbox 1089 2025 1212 2110; x_wconf 89' lang='lat' dir='ltr'><strong>pasche</strong></span> <span class='ocrx_word' id='word_1_170' title='bbox 1236 2033 1269 2092; x_wconf 92' lang='grc'><strong>01</strong></span> <span class='ocrx_word' id='word_1_171' title='bbox 1293 2027 1524 2109; x_wconf 82' lang='lat' dir='ltr'><strong>penthecostes</strong></span> <span class='ocrx_word' id='word_1_172' title='bbox 1548 2045 1677 2092; x_wconf 91' lang='lat' dir='ltr'><strong>sacrum</strong></span> <span class='ocrx_word' id='word_1_173' title='bbox 1701 2025 1825 2094; x_wconf 87' lang='lat' dir='ltr'><strong>iontem</strong></span> 
     </span>
     <span class='ocr_line' id='line_1_17' title="bbox 169 2131 1825 2216; baseline 0.001 -18"><span class='ocrx_word' id='word_1_174' title='bbox 169 2131 382 2214; x_wconf 88' lang='lat' dir='ltr'><strong>baptismatis</strong></span> <span class='ocrx_word' id='word_1_175' title='bbox 412 2131 657 2200; x_wconf 87' lang='lat' dir='ltr'><strong>consecraverit</strong></span> <span class='ocrx_word' id='word_1_176' title='bbox 688 2138 721 2199; x_wconf 91' lang='grc'><strong>01</strong></span> <span class='ocrx_word' id='word_1_177' title='bbox 751 2133 889 2216; x_wconf 91' lang='lat' dir='ltr'><strong>primum</strong></span> <span class='ocrx_word' id='word_1_178' title='bbox 918 2131 1080 2200; x_wconf 74' lang='lat' dir='ltr'><strong>infantem</strong></span> <span class='ocrx_word' id='word_1_179' title='bbox 1110 2132 1342 2215; x_wconf 82' lang='lat' dir='ltr'><strong>baptizaverit.</strong></span> <span class='ocrx_word' id='word_1_180' title='bbox 1391 2132 1503 2199; x_wconf 90' lang='lat' dir='ltr'><strong>Credit</strong></span> <span class='ocrx_word' id='word_1_181' title='bbox 1532 2132 1645 2216; x_wconf 90' lang='lat' dir='ltr'><strong>eciam,</strong></span> <span class='ocrx_word' id='word_1_182' title='bbox 1671 2135 1755 2214; x_wconf 92' lang='lat' dir='ltr'><strong>quod</strong></span> <span class='ocrx_word' id='word_1_183' title='bbox 1786 2153 1825 2200; x_wconf 90' lang='lat' dir='ltr'><strong>ex</strong></span> 
     </span>
     <span class='ocr_line' id='line_1_18' title="bbox 169 2237 1826 2324; baseline 0.001 -20"><span class='ocrx_word' id='word_1_184' title='bbox 169 2245 266 2319; x_wconf 79' lang='lat' dir='ltr'><strong>parte</strong></span> <span class='ocrx_word' id='word_1_185' title='bbox 291 2290 325 2306; x_wconf 92' lang='lat'><strong>..</strong></span> <span class='ocrx_word' id='word_1_186' title='bbox 351 2239 469 2304; x_wconf 91' lang='lat' dir='ltr'><strong>decani</strong></span> <span class='ocrx_word' id='word_1_187' title='bbox 499 2245 562 2304; x_wconf 91' lang='lat' dir='ltr'><strong>et.</strong></span> <span class='ocrx_word' id='word_1_188' title='bbox 588 2289 594 2303; x_wconf 94' lang='lat'><strong>.</strong></span> <span class='ocrx_word' id='word_1_189' title='bbox 620 2237 755 2322; x_wconf 90' lang='lat' dir='ltr'><strong>capituli</strong></span> <span class='ocrx_word' id='word_1_190' title='bbox 787 2238 969 2324; x_wconf 76' lang='lat' dir='ltr'><strong>porrigitur</strong></span> <span class='ocrx_word' id='word_1_191' title='bbox 998 2238 1134 2306; x_wconf 88' lang='lat' dir='ltr'><strong>inlirmis</strong></span> <span class='ocrx_word' id='word_1_192' title='bbox 1166 2257 1263 2306; x_wconf 90' lang='lat' dir='ltr'><strong>sacra</strong></span> <span class='ocrx_word' id='word_1_193' title='bbox 1292 2239 1388 2305; x_wconf 90' lang='lat' dir='ltr'><strong>uncio</strong></span> <span class='ocrx_word' id='word_1_194' title='bbox 1419 2237 1622 2321; x_wconf 86' lang='lat' dir='ltr'><strong>sepulturam</strong></span> <span class='ocrx_word' id='word_1_195' title='bbox 1653 2240 1740 2322; x_wconf 91' lang='lat' dir='ltr'><strong>apud</strong></span> <span class='ocrx_word' id='word_1_196' title='bbox 1770 2258 1826 2306; x_wconf 89' lang='lat' dir='ltr'><strong>eos</strong></span> 
     </span>
     <span class='ocr_line' id='line_1_19' title="bbox 169 2344 1827 2429; baseline 0.001 -17"><span class='ocrx_word' id='word_1_197' title='bbox 169 2344 378 2429; x_wconf 74' lang='lat' dir='ltr'><strong>eligentibus.</strong></span> <span class='ocrx_word' id='word_1_198' title='bbox 426 2345 538 2412; x_wconf 90' lang='lat' dir='ltr'><strong>Credit</strong></span> <span class='ocrx_word' id='word_1_199' title='bbox 567 2345 682 2428; x_wconf 90' lang='lat' dir='ltr'><strong>eciam,</strong></span> <span class='ocrx_word' id='word_1_200' title='bbox 706 2348 791 2428; x_wconf 88' lang='lat' dir='ltr'><strong>quod</strong></span> <span class='ocrx_word' id='word_1_201' title='bbox 823 2348 967 2413; x_wconf 89' lang='lat' dir='ltr'><strong>decanus</strong></span> <span class='ocrx_word' id='word_1_202' title='bbox 997 2365 1055 2412; x_wconf 91' lang='grc'><strong>000</strong></span> <span class='ocrx_word' id='word_1_203' title='bbox 1085 2346 1171 2413; x_wconf 90' lang='grc'>01101</span> <span class='ocrx_word' id='word_1_204' title='bbox 1200 2344 1329 2412; x_wconf 91' lang='lat' dir='ltr'><strong>nomine</strong></span> <span class='ocrx_word' id='word_1_205' title='bbox 1357 2344 1495 2426; x_wconf 89' lang='lat' dir='ltr'><strong>capituli</strong></span> <span class='ocrx_word' id='word_1_206' title='bbox 1518 2344 1770 2412; x_wconf 87' lang='lat' dir='ltr'><strong>communicavit</strong></span> <span class='ocrx_word' id='word_1_207' title='bbox 1793 2353 1827 2412; x_wconf 91' lang='lat' dir='ltr'><strong>et</strong></span> 
     </span>
     <span class='ocr_line' id='line_1_20' title="bbox 169 2450 1826 2534; baseline 0.001 -17"><span class='ocrx_word' id='word_1_208' title='bbox 169 2450 390 2518; x_wconf 85' lang='lat' dir='ltr'><strong>communicat</strong></span> <span class='ocrx_word' id='word_1_209' title='bbox 425 2451 661 2534; x_wconf 88' lang='lat' dir='ltr'><strong>parrochianos</strong></span> <span class='ocrx_word' id='word_1_210' title='bbox 696 2451 730 2518; x_wconf 93' lang='lat' dir='ltr'><strong>in</strong></span> <span class='ocrx_word' id='word_1_211' title='bbox 761 2471 883 2520; x_wconf 90' lang='lat' dir='ltr'><strong>summo</strong></span> <span class='ocrx_word' id='word_1_212' title='bbox 915 2452 1015 2518; x_wconf 88' lang='lat' dir='ltr'><strong>altari</strong></span> <span class='ocrx_word' id='word_1_213' title='bbox 1043 2452 1078 2518; x_wconf 94' lang='lat' dir='ltr'><strong>in</strong></span> <span class='ocrx_word' id='word_1_214' title='bbox 1108 2454 1289 2519; x_wconf 87' lang='lat' dir='ltr'><strong>ebdomada</strong></span> <span class='ocrx_word' id='word_1_215' title='bbox 1319 2452 1540 2533; x_wconf 91' lang='lat' dir='ltr'><strong>parascheves</strong></span> <span class='ocrx_word' id='word_1_216' title='bbox 1570 2457 1603 2517; x_wconf 91' lang='lat' dir='ltr'><strong>et</strong></span> <span class='ocrx_word' id='word_1_217' title='bbox 1634 2451 1826 2533; x_wconf 87' lang='lat' dir='ltr'><strong>quibusdam</strong></span> 
     </span>
     <span class='ocr_line' id='line_1_21' title="bbox 168 2556 1827 2642; baseline 0 -18"><span class='ocrx_word' id='word_1_218' title='bbox 168 2558 246 2625; x_wconf 89' lang='lat' dir='ltr'><strong>aliis</strong></span> <span class='ocrx_word' id='word_1_219' title='bbox 274 2557 377 2624; x_wconf 89' lang='grc'>001110</span> <span class='ocrx_word' id='word_1_220' title='bbox 406 2558 531 2640; x_wconf 75' lang='lat' dir='ltr'><strong>diebus</strong></span> <span class='ocrx_word' id='word_1_221' title='bbox 557 2563 614 2626; x_wconf 90' lang='lat' dir='ltr'><strong>sed</strong></span> <span class='ocrx_word' id='word_1_222' title='bbox 645 2559 762 2641; x_wconf 87' lang='lat' dir='ltr'><strong>quibus</strong></span> <span class='ocrx_word' id='word_1_223' title='bbox 786 2565 820 2625; x_wconf 91' lang='grc'><strong>01</strong></span> <span class='ocrx_word' id='word_1_224' title='bbox 844 2575 907 2641; x_wconf 88' lang='lat' dir='ltr'><strong>quo</strong></span> <span class='ocrx_word' id='word_1_225' title='bbox 930 2559 1010 2642; x_wconf 91' lang='lat' dir='ltr'><strong>iure,</strong></span> <span class='ocrx_word' id='word_1_226' title='bbox 1035 2559 1178 2642; x_wconf 87' lang='lat' dir='ltr'><strong>ignorat.</strong></span> <span class='ocrx_word' id='word_1_227' title='bbox 1226 2561 1261 2642; x_wconf 77' lang='lat'><strong>9)</strong></span> <span class='ocrx_word' id='word_1_228' title='bbox 1284 2558 1378 2640; x_wconf 89' lang='lat' dir='ltr'><strong>Item,</strong></span> <span class='ocrx_word' id='word_1_229' title='bbox 1402 2560 1488 2640; x_wconf 89' lang='lat' dir='ltr'><strong>quod</strong></span> <span class='ocrx_word' id='word_1_230' title='bbox 1503 2556 1601 2623; x_wconf 92' lang='lat' dir='ltr'><strong>iidem</strong></span> <span class='ocrx_word' id='word_1_231' title='bbox 1626 2609 1657 2624; x_wconf 88' lang='lat'><strong>..</strong></span> <span class='ocrx_word' id='word_1_232' title='bbox 1684 2560 1827 2624; x_wconf 89' lang='lat' dir='ltr'><strong>decanus</strong></span> 
     </span>
     <span class='ocr_line' id='line_1_22' title="bbox 170 2663 1826 2748; baseline -0.001 -18"><span class='ocrx_word' id='word_1_233' title='bbox 170 2673 203 2730; x_wconf 88' lang='lat' dir='ltr'><strong>et</strong></span> <span class='ocrx_word' id='word_1_234' title='bbox 226 2716 261 2730; x_wconf 94' lang='lat'><strong>..</strong></span> <span class='ocrx_word' id='word_1_235' title='bbox 288 2664 468 2747; x_wconf 88' lang='lat' dir='ltr'><strong>capitulum</strong></span> <span class='ocrx_word' id='word_1_236' title='bbox 491 2665 622 2733; x_wconf 88' lang='lat' dir='ltr'><strong>nomina</strong></span> <span class='ocrx_word' id='word_1_237' title='bbox 645 2684 755 2733; x_wconf 92' lang='lat' dir='ltr'><strong>eorum</strong></span> <span class='ocrx_word' id='word_1_238' title='bbox 779 2666 916 2733; x_wconf 88' lang='lat' dir='ltr'><strong>ecclesie</strong></span> <span class='ocrx_word' id='word_1_239' title='bbox 939 2665 1087 2748; x_wconf 82' lang='lat' dir='ltr'><strong>predicte</strong></span> <span class='ocrx_word' id='word_1_240' title='bbox 1111 2685 1131 2732; x_wconf 91' lang='lat' dir='ltr'><strong>a</strong></span> <span class='ocrx_word' id='word_1_241' title='bbox 1154 2673 1310 2747; x_wconf 88' lang='lat' dir='ltr'><strong>tempore,</strong></span> <span class='ocrx_word' id='word_1_242' title='bbox 1335 2664 1428 2730; x_wconf 90' lang='lat' dir='ltr'><strong>cuius</strong></span> <span class='ocrx_word' id='word_1_243' title='bbox 1451 2663 1608 2731; x_wconf 89' lang='lat' dir='ltr'><strong>memoria</strong></span> <span class='ocrx_word' id='word_1_244' title='bbox 1622 2681 1688 2730; x_wconf 92' lang='lat' dir='ltr'><strong>non</strong></span> <span class='ocrx_word' id='word_1_245' title='bbox 1704 2663 1826 2747; x_wconf 78' lang='lat' dir='ltr'><strong>existit,</strong></span> 
     </span>
     <span class='ocr_line' id='line_1_23' title="bbox 169 2769 1826 2854; baseline 0 -18"><span class='ocrx_word' id='word_1_246' title='bbox 169 2770 220 2838; x_wconf 90' lang='lat' dir='ltr'><strong>usi</strong></span> <span class='ocrx_word' id='word_1_247' title='bbox 243 2777 324 2838; x_wconf 90' lang='lat' dir='ltr'><strong>sunt</strong></span> <span class='ocrx_word' id='word_1_248' title='bbox 345 2769 472 2838; x_wconf 90' lang='lat' dir='ltr'><strong>iuribus</strong></span> <span class='ocrx_word' id='word_1_249' title='bbox 495 2772 758 2854; x_wconf 88' lang='lat' dir='ltr'><strong>parrochialibus</strong></span> <span class='ocrx_word' id='word_1_250' title='bbox 782 2780 816 2839; x_wconf 90' lang='lat' dir='ltr'><strong>et</strong></span> <span class='ocrx_word' id='word_1_251' title='bbox 839 2773 1055 2840; x_wconf 87' lang='lat' dir='ltr'><strong>sacramentis</strong></span> <span class='ocrx_word' id='word_1_252' title='bbox 1079 2771 1324 2852; x_wconf 90' lang='lat' dir='ltr'><strong>ecclesiasticis,</strong></span> <span class='ocrx_word' id='word_1_253' title='bbox 1348 2777 1386 2837; x_wconf 91' lang='lat' dir='ltr'><strong>ut</strong></span> <span class='ocrx_word' id='word_1_254' title='bbox 1402 2770 1613 2853; x_wconf 88' lang='lat' dir='ltr'><strong>premittitur,</strong></span> <span class='ocrx_word' id='word_1_255' title='bbox 1639 2771 1826 2836; x_wconf 88' lang='lat' dir='ltr'><strong>antedictis.</strong></span> 
     </span>
     <span class='ocr_line' id='line_1_24' title="bbox 167 2875 1828 2964; baseline -0.001 -20"><span class='ocrx_word' id='word_1_256' title='bbox 167 2879 344 2960; x_wconf 87' lang='lat' dir='ltr'><strong>Dependet</strong></span> <span class='ocrx_word' id='word_1_257' title='bbox 374 2898 396 2945; x_wconf 86' lang='lat' dir='ltr'><strong>a</strong></span> <span class='ocrx_word' id='word_1_258' title='bbox 425 2878 575 2961; x_wconf 81' lang='lat' dir='ltr'><strong>proxima</strong></span> <span class='ocrx_word' id='word_1_259' title='bbox 603 2879 801 2961; x_wconf 89' lang='lat' dir='ltr'><strong>precedenti.</strong></span> <span class='ocrx_word' id='word_1_260' title='bbox 858 2880 909 2964; x_wconf 91' lang='grc'><strong>10)</strong></span> <span class='ocrx_word' id='word_1_261' title='bbox 933 2880 1027 2960; x_wconf 87' lang='lat' dir='ltr'><strong>Item,</strong></span> <span class='ocrx_word' id='word_1_262' title='bbox 1056 2880 1142 2960; x_wconf 90' lang='lat' dir='ltr'><strong>quod</strong></span> <span class='ocrx_word' id='word_1_263' title='bbox 1172 2878 1271 2944; x_wconf 90' lang='lat' dir='ltr'><strong>iidem</strong></span> <span class='ocrx_word' id='word_1_264' title='bbox 1296 2929 1328 2942; x_wconf 87' lang='lat'><strong>..</strong></span> <span class='ocrx_word' id='word_1_265' title='bbox 1355 2881 1498 2944; x_wconf 90' lang='lat' dir='ltr'><strong>decanus</strong></span> <span class='ocrx_word' id='word_1_266' title='bbox 1531 2883 1565 2942; x_wconf 91' lang='lat' dir='ltr'><strong>et</strong></span> <span class='ocrx_word' id='word_1_267' title='bbox 1590 2929 1622 2945; x_wconf 93' lang='lat'><strong>..</strong></span> <span class='ocrx_word' id='word_1_268' title='bbox 1648 2875 1828 2957; x_wconf 86' lang='lat' dir='ltr'><strong>capitulum</strong></span> 
     </span>
     <span class='ocr_line' id='line_1_25' title="bbox 167 2981 1829 3068; baseline -0.002 -16"><span class='ocrx_word' id='word_1_269' title='bbox 167 2983 300 3052; x_wconf 90' lang='lat' dir='ltr'><strong>nomine</strong></span> <span class='ocrx_word' id='word_1_270' title='bbox 323 2984 474 3052; x_wconf 87' lang='lat' dir='ltr'><strong>similiter</strong></span> <span class='ocrx_word' id='word_1_271' title='bbox 497 3001 608 3052; x_wconf 90' lang='lat' dir='ltr'><strong>eorum</strong></span> <span class='ocrx_word' id='word_1_272' title='bbox 633 2985 769 3052; x_wconf 90' lang='lat' dir='ltr'><strong>ecclesie</strong></span> <span class='ocrx_word' id='word_1_273' title='bbox 785 2985 932 3068; x_wconf 90' lang='lat' dir='ltr'><strong>predicte</strong></span> <span class='ocrx_word' id='word_1_274' title='bbox 949 2991 1027 3052; x_wconf 90' lang='lat' dir='ltr'><strong>sunt</strong></span> <span class='ocrx_word' id='word_1_275' title='bbox 1043 2991 1076 3051; x_wconf 91' lang='lat' dir='ltr'><strong>et</strong></span> <span class='ocrx_word' id='word_1_276' title='bbox 1091 2982 1227 3050; x_wconf 87' lang='lat' dir='ltr'><strong>fuerunt</strong></span> <span class='ocrx_word' id='word_1_277' title='bbox 1243 2984 1340 3050; x_wconf 84' lang='lat' dir='ltr'><strong>uictis</strong></span> <span class='ocrx_word' id='word_1_278' title='bbox 1356 2983 1557 3066; x_wconf 91' lang='lat' dir='ltr'><strong>temporibus</strong></span> <span class='ocrx_word' id='word_1_279' title='bbox 1572 2982 1606 3048; x_wconf 94' lang='lat' dir='ltr'><strong>in</strong></span> <span class='ocrx_word' id='word_1_280' title='bbox 1622 2981 1829 3065; x_wconf 89' lang='lat' dir='ltr'><strong>possessione</strong></span> 
     </span>
    </p>
   </div>
   <div class='ocr_carea' id='block_1_3' title="bbox 167 3088 1826 3175">
    <p class='ocr_par' dir='ltr' id='par_1_3' title="bbox 167 3088 1826 3175">
     <span class='ocr_line' id='line_1_26' title="bbox 167 3088 1826 3175; baseline -0.001 -19"><span class='ocrx_word' id='word_1_281' title='bbox 167 3091 224 3157; x_wconf 86' lang='lat' dir='ltr'><strong>vel</strong></span> <span class='ocrx_word' id='word_1_282' title='bbox 254 3090 350 3174; x_wconf 88' lang='lat' dir='ltr'><strong>quasi</strong></span> <span class='ocrx_word' id='word_1_283' title='bbox 380 3090 501 3157; x_wconf 89' lang='lat' dir='ltr'><strong>iurium</strong></span> <span class='ocrx_word' id='word_1_284' title='bbox 531 3091 786 3174; x_wconf 89' lang='lat' dir='ltr'><strong>parrochialium</strong></span> <span class='ocrx_word' id='word_1_285' title='bbox 816 3093 1001 3158; x_wconf 79' lang='lat' dir='ltr'><strong>eorundem.</strong></span> <span class='ocrx_word' id='word_1_286' title='bbox 1050 3091 1161 3158; x_wconf 90' lang='lat' dir='ltr'><strong>Credit</strong></span> <span class='ocrx_word' id='word_1_287' title='bbox 1193 3097 1364 3173; x_wconf 89' lang='lat' dir='ltr'><strong>utsupra.</strong></span> <span class='ocrx_word' id='word_1_288' title='bbox 1414 3091 1468 3175; x_wconf 91' lang='grc'><strong>11)</strong></span> <span class='ocrx_word' id='word_1_289' title='bbox 1492 3090 1585 3171; x_wconf 92' lang='lat' dir='ltr'><strong>Item,</strong></span> <span class='ocrx_word' id='word_1_290' title='bbox 1611 3092 1696 3171; x_wconf 86' lang='lat' dir='ltr'><strong>quod</strong></span> <span class='ocrx_word' id='word_1_291' title='bbox 1720 3088 1768 3154; x_wconf 81' lang='lat' dir='ltr'><strong>xic</strong></span> <span class='ocrx_word' id='word_1_292' title='bbox 1792 3107 1826 3155; x_wconf 93' lang='lat' dir='ltr'><strong>se</strong></span> 
     </span>
    </p>
   </div>
   <div class='ocr_carea' id='block_1_4' title="bbox 166 3197 1831 5844">
    <p class='ocr_par' dir='ltr' id='par_1_4' title="bbox 166 3197 1831 5844">
     <span class='ocr_line' id='line_1_27' title="bbox 166 3197 1822 3282; baseline -0.002 -19"><span class='ocrx_word' id='word_1_293' title='bbox 166 3204 347 3282; x_wconf 82' lang='lat' dir='ltr'><strong>gessenmt</strong></span> <span class='ocrx_word' id='word_1_294' title='bbox 376 3203 412 3264; x_wconf 92' lang='grc'><strong>01</strong></span> <span class='ocrx_word' id='word_1_295' title='bbox 441 3198 628 3264; x_wconf 89' lang='lat' dir='ltr'><strong>habuerunt</strong></span> <span class='ocrx_word' id='word_1_296' title='bbox 658 3204 692 3265; x_wconf 92' lang='grc'><strong>01</strong></span> <span class='ocrx_word' id='word_1_297' title='bbox 721 3199 839 3266; x_wconf 91' lang='lat' dir='ltr'><strong>haberi</strong></span> <span class='ocrx_word' id='word_1_298' title='bbox 870 3205 902 3266; x_wconf 91' lang='grc'><strong>01</strong></span> <span class='ocrx_word' id='word_1_299' title='bbox 932 3197 1081 3282; x_wconf 87' lang='lat' dir='ltr'><strong>reputari</strong></span> <span class='ocrx_word' id='word_1_300' title='bbox 1105 3197 1318 3264; x_wconf 89' lang='lat' dir='ltr'><strong>communiter</strong></span> <span class='ocrx_word' id='word_1_301' title='bbox 1342 3203 1592 3264; x_wconf 88' lang='lat' dir='ltr'><strong>consueverunt.</strong></span> <span class='ocrx_word' id='word_1_302' title='bbox 1640 3197 1822 3278; x_wconf 90' lang='lat' dir='ltr'><strong>Dependet.</strong></span> 
     </span>
     <span class='ocr_line' id='line_1_28' title="bbox 172 3301 1828 3390; baseline -0.001 -20"><span class='ocrx_word' id='word_1_303' title='bbox 172 3307 228 3390; x_wconf 85' lang='grc'><strong>12)</strong></span> <span class='ocrx_word' id='word_1_304' title='bbox 251 3305 345 3386; x_wconf 90' lang='lat' dir='ltr'><strong>Item,</strong></span> <span class='ocrx_word' id='word_1_305' title='bbox 371 3307 457 3387; x_wconf 90' lang='lat' dir='ltr'><strong>quod</strong></span> <span class='ocrx_word' id='word_1_306' title='bbox 487 3304 577 3371; x_wconf 88' lang='lat' dir='ltr'><strong>dicta</strong></span> <span class='ocrx_word' id='word_1_307' title='bbox 607 3305 682 3373; x_wconf 90' lang='lat' dir='ltr'><strong>iura</strong></span> <span class='ocrx_word' id='word_1_308' title='bbox 714 3305 936 3389; x_wconf 82' lang='lat' dir='ltr'><strong>parrochialis</strong></span> <span class='ocrx_word' id='word_1_309' title='bbox 966 3325 1007 3372; x_wconf 89' lang='lat' dir='ltr'><strong>ac</strong></span> <span class='ocrx_word' id='word_1_310' title='bbox 1037 3312 1318 3372; x_wconf 90' lang='lat' dir='ltr'><strong>sacramentorum</strong></span> <span class='ocrx_word' id='word_1_311' title='bbox 1342 3302 1640 3370; x_wconf 87' lang='lat' dir='ltr'><strong>ecclesiasticorum</strong></span> <span class='ocrx_word' id='word_1_312' title='bbox 1664 3301 1828 3385; x_wconf 89' lang='lat' dir='ltr'><strong>porrectio</strong></span> 
     </span>
     <span class='ocr_line' id='line_1_29' title="bbox 167 3408 1829 3493; baseline -0.002 -15"><span class='ocrx_word' id='word_1_313' title='bbox 167 3413 215 3478; x_wconf 87' lang='lat' dir='ltr'><strong>ad</strong></span> <span class='ocrx_word' id='word_1_314' title='bbox 244 3411 366 3478; x_wconf 91' lang='lat' dir='ltr'><strong>nullum</strong></span> <span class='ocrx_word' id='word_1_315' title='bbox 398 3411 451 3478; x_wconf 86' lang='lat' dir='ltr'><strong>vel</strong></span> <span class='ocrx_word' id='word_1_316' title='bbox 482 3410 589 3478; x_wconf 92' lang='lat' dir='ltr'><strong>nullos</strong></span> <span class='ocrx_word' id='word_1_317' title='bbox 620 3411 703 3480; x_wconf 86' lang='lat' dir='ltr'><strong>ahos</strong></span> <span class='ocrx_word' id='word_1_318' title='bbox 732 3431 829 3493; x_wconf 89' lang='lat' dir='ltr'><strong>quam</strong></span> <span class='ocrx_word' id='word_1_319' title='bbox 854 3415 897 3479; x_wconf 93' lang='lat' dir='ltr'><strong>ad</strong></span> <span class='ocrx_word' id='word_1_320' title='bbox 921 3463 954 3477; x_wconf 92' lang='lat'><strong>..</strong></span> <span class='ocrx_word' id='word_1_321' title='bbox 980 3415 1139 3478; x_wconf 90' lang='lat' dir='ltr'><strong>decanum</strong></span> <span class='ocrx_word' id='word_1_322' title='bbox 1162 3417 1197 3477; x_wconf 91' lang='lat' dir='ltr'><strong>et</strong></span> <span class='ocrx_word' id='word_1_323' title='bbox 1222 3463 1253 3476; x_wconf 86' lang='lat'><strong>..</strong></span> <span class='ocrx_word' id='word_1_324' title='bbox 1281 3409 1459 3493; x_wconf 89' lang='lat' dir='ltr'><strong>capitulum</strong></span> <span class='ocrx_word' id='word_1_325' title='bbox 1483 3417 1518 3475; x_wconf 92' lang='grc'><strong>01</strong></span> <span class='ocrx_word' id='word_1_326' title='bbox 1541 3408 1713 3476; x_wconf 88' lang='lat' dir='ltr'><strong>ecclesiam</strong></span> <span class='ocrx_word' id='word_1_327' title='bbox 1737 3427 1829 3474; x_wconf 90' lang='lat' dir='ltr'><strong>suam</strong></span> 
     </span>
     <span class='ocr_line' id='line_1_30' title="bbox 168 3513 1830 3602; baseline -0.001 -18"><span class='ocrx_word' id='word_1_328' title='bbox 168 3518 339 3601; x_wconf 90' lang='lat' dir='ltr'><strong>predictos</strong></span> <span class='ocrx_word' id='word_1_329' title='bbox 370 3525 524 3600; x_wconf 89' lang='lat' dir='ltr'><strong>spectare</strong></span> <span class='ocrx_word' id='word_1_330' title='bbox 555 3524 732 3586; x_wconf 88' lang='lat' dir='ltr'><strong>censentur</strong></span> <span class='ocrx_word' id='word_1_331' title='bbox 763 3537 820 3584; x_wconf 89' lang='lat' dir='ltr'><strong>seu</strong></span> <span class='ocrx_word' id='word_1_332' title='bbox 851 3526 1003 3602; x_wconf 87' lang='lat' dir='ltr'><strong>spectare</strong></span> <span class='ocrx_word' id='word_1_333' title='bbox 1033 3525 1181 3602; x_wconf 90' lang='lat' dir='ltr'><strong>possunt,</strong></span> <span class='ocrx_word' id='word_1_334' title='bbox 1215 3537 1288 3584; x_wconf 92' lang='lat' dir='ltr'><strong>cum</strong></span> <span class='ocrx_word' id='word_1_335' title='bbox 1317 3517 1380 3600; x_wconf 91' lang='lat' dir='ltr'><strong>ipsi</strong></span> <span class='ocrx_word' id='word_1_336' title='bbox 1411 3516 1520 3583; x_wconf 92' lang='lat' dir='ltr'><strong>solia</strong></span> <span class='ocrx_word' id='word_1_337' title='bbox 1549 3522 1705 3597; x_wconf 90' lang='lat' dir='ltr'><strong>tempore,</strong></span> <span class='ocrx_word' id='word_1_338' title='bbox 1738 3513 1830 3582; x_wconf 91' lang='lat' dir='ltr'><strong>cuins</strong></span> 
     </span>
     <span class='ocr_line' id='line_1_31' title="bbox 168 3621 1831 3707; baseline -0.004 -15"><span class='ocrx_word' id='word_1_339' title='bbox 168 3623 329 3692; x_wconf 89' lang='lat' dir='ltr'><strong>memoria</strong></span> <span class='ocrx_word' id='word_1_340' title='bbox 359 3643 425 3691; x_wconf 90' lang='lat' dir='ltr'><strong>non</strong></span> <span class='ocrx_word' id='word_1_341' title='bbox 455 3623 578 3706; x_wconf 85' lang='lat' dir='ltr'><strong>existit,</strong></span> <span class='ocrx_word' id='word_1_342' title='bbox 602 3624 654 3692; x_wconf 91' lang='lat' dir='ltr'><strong>usi</strong></span> <span class='ocrx_word' id='word_1_343' title='bbox 684 3625 753 3692; x_wconf 91' lang='lat' dir='ltr'><strong>sint</strong></span> <span class='ocrx_word' id='word_1_344' title='bbox 784 3625 906 3693; x_wconf 90' lang='lat' dir='ltr'><strong>eisdem</strong></span> <span class='ocrx_word' id='word_1_345' title='bbox 935 3625 1062 3692; x_wconf 88' lang='lat' dir='ltr'><strong>iuribus</strong></span> <span class='ocrx_word' id='word_1_346' title='bbox 1092 3633 1125 3692; x_wconf 91' lang='grc'><strong>01</strong></span> <span class='ocrx_word' id='word_1_347' title='bbox 1154 3623 1279 3691; x_wconf 87' lang='lat' dir='ltr'><strong>inerint</strong></span> <span class='ocrx_word' id='word_1_348' title='bbox 1301 3624 1334 3690; x_wconf 93' lang='lat' dir='ltr'><strong>in</strong></span> <span class='ocrx_word' id='word_1_349' title='bbox 1359 3623 1565 3707; x_wconf 89' lang='lat' dir='ltr'><strong>possessione</strong></span> <span class='ocrx_word' id='word_1_350' title='bbox 1588 3622 1642 3690; x_wconf 88' lang='lat' dir='ltr'><strong>vel</strong></span> <span class='ocrx_word' id='word_1_351' title='bbox 1665 3621 1768 3703; x_wconf 86' lang='lat' dir='ltr'><strong>quasi,</strong></span> <span class='ocrx_word' id='word_1_352' title='bbox 1793 3629 1831 3687; x_wconf 92' lang='grc'><strong>01</strong></span> 
     </span>
     <span class='ocr_line' id='line_1_32' title="bbox 170 3727 1831 3815; baseline -0.004 -17"><span class='ocrx_word' id='word_1_353' title='bbox 170 3729 362 3815; x_wconf 89' lang='lat' dir='ltr'><strong>predicitur,</strong></span> <span class='ocrx_word' id='word_1_354' title='bbox 387 3729 506 3798; x_wconf 89' lang='lat' dir='ltr'><strong>iurium</strong></span> <span class='ocrx_word' id='word_1_355' title='bbox 530 3735 713 3798; x_wconf 82' lang='lat' dir='ltr'><strong>eorundem.</strong></span> <span class='ocrx_word' id='word_1_356' title='bbox 761 3732 874 3800; x_wconf 85' lang='lat' dir='ltr'><strong>Credit</strong></span> <span class='ocrx_word' id='word_1_357' title='bbox 890 3732 976 3799; x_wconf 90' lang='lat' dir='ltr'><strong>utin</strong></span> <span class='ocrx_word' id='word_1_358' title='bbox 993 3738 1114 3799; x_wconf 89' lang='lat' dir='ltr'><strong>octava</strong></span> <span class='ocrx_word' id='word_1_359' title='bbox 1130 3731 1294 3814; x_wconf 91' lang='lat' dir='ltr'><strong>posicione</strong></span> <span class='ocrx_word' id='word_1_360' title='bbox 1311 3729 1509 3814; x_wconf 88' lang='lat' dir='ltr'><strong>precedenti.</strong></span> <span class='ocrx_word' id='word_1_361' title='bbox 1560 3732 1614 3814; x_wconf 87' lang='lat'><strong>13)</strong></span> <span class='ocrx_word' id='word_1_362' title='bbox 1638 3729 1722 3795; x_wconf 92' lang='lat' dir='ltr'><strong>Item</strong></span> <span class='ocrx_word' id='word_1_363' title='bbox 1739 3727 1831 3810; x_wconf 91' lang='lat' dir='ltr'><strong>ponit</strong></span> 
     </span>
     <span class='ocr_line' id='line_1_33' title="bbox 167 3834 1828 3922; baseline -0.004 -16"><span class='ocrx_word' id='word_1_364' title='bbox 167 3838 281 3906; x_wconf 86' lang='grc'>(110100</span> <span class='ocrx_word' id='word_1_365' title='bbox 304 3890 338 3904; x_wconf 95' lang='grc'><strong>..</strong></span> <span class='ocrx_word' id='word_1_366' title='bbox 364 3844 562 3920; x_wconf 87' lang='lat' dir='ltr'><strong>procurator</strong></span> <span class='ocrx_word' id='word_1_367' title='bbox 590 3839 719 3906; x_wconf 83' lang='lat' dir='ltr'><strong>nomme</strong></span> <span class='ocrx_word' id='word_1_368' title='bbox 749 3857 812 3920; x_wconf 87' lang='lat' dir='ltr'><strong>quo</strong></span> <span class='ocrx_word' id='word_1_369' title='bbox 843 3857 955 3922; x_wconf 90' lang='lat' dir='ltr'><strong>supra,</strong></span> <span class='ocrx_word' id='word_1_370' title='bbox 980 3841 1066 3922; x_wconf 90' lang='lat' dir='ltr'><strong>quod</strong></span> <span class='ocrx_word' id='word_1_371' title='bbox 1090 3859 1111 3906; x_wconf 91' lang='lat' dir='ltr'><strong>a</strong></span> <span class='ocrx_word' id='word_1_372' title='bbox 1134 3845 1289 3922; x_wconf 90' lang='lat' dir='ltr'><strong>tempore,</strong></span> <span class='ocrx_word' id='word_1_373' title='bbox 1316 3837 1407 3904; x_wconf 91' lang='lat' dir='ltr'><strong>cuius</strong></span> <span class='ocrx_word' id='word_1_374' title='bbox 1437 3836 1593 3904; x_wconf 86' lang='lat' dir='ltr'><strong>memoria</strong></span> <span class='ocrx_word' id='word_1_375' title='bbox 1616 3855 1681 3902; x_wconf 89' lang='lat' dir='ltr'><strong>non</strong></span> <span class='ocrx_word' id='word_1_376' title='bbox 1704 3834 1828 3912; x_wconf 85' lang='lat' dir='ltr'><strong>existit,</strong></span> 
     </span>
     <span class='ocr_line' id='line_1_34' title="bbox 168 3941 1830 4028; baseline -0.002 -16"><span class='ocrx_word' id='word_1_377' title='bbox 168 3946 384 4014; x_wconf 83' lang='lat' dir='ltr'><strong>observatum</strong></span> <span class='ocrx_word' id='word_1_378' title='bbox 415 3952 468 4012; x_wconf 88' lang='lat' dir='ltr'><strong>est</strong></span> <span class='ocrx_word' id='word_1_379' title='bbox 496 3944 531 4011; x_wconf 92' lang='lat' dir='ltr'><strong>in</strong></span> <span class='ocrx_word' id='word_1_380' title='bbox 561 3943 648 4012; x_wconf 91' lang='lat' dir='ltr'><strong>dicto</strong></span> <span class='ocrx_word' id='word_1_381' title='bbox 672 3945 794 4028; x_wconf 92' lang='lat' dir='ltr'><strong>oppido</strong></span> <span class='ocrx_word' id='word_1_382' title='bbox 818 3943 1135 4025; x_wconf 85' lang='lat' dir='ltr'><strong>Frankeniordensi,</strong></span> <span class='ocrx_word' id='word_1_383' title='bbox 1161 3947 1247 4027; x_wconf 91' lang='lat' dir='ltr'><strong>quod</strong></span> <span class='ocrx_word' id='word_1_384' title='bbox 1270 3944 1305 4010; x_wconf 91' lang='lat' dir='ltr'><strong>in</strong></span> <span class='ocrx_word' id='word_1_385' title='bbox 1328 3943 1442 4010; x_wconf 91' lang='lat' dir='ltr'><strong>diebus</strong></span> <span class='ocrx_word' id='word_1_386' title='bbox 1466 3941 1709 4026; x_wconf 85' lang='lat' dir='ltr'><strong>purificacionis</strong></span> <span class='ocrx_word' id='word_1_387' title='bbox 1732 3943 1830 4008; x_wconf 89' lang='lat' dir='ltr'><strong>beate</strong></span> 
     </span>
     <span class='ocr_line' id='line_1_35' title="bbox 168 4047 1828 4136; baseline -0.002 -18"><span class='ocrx_word' id='word_1_388' title='bbox 168 4051 278 4119; x_wconf 83' lang='lat' dir='ltr'><strong>Maris</strong></span> <span class='ocrx_word' id='word_1_389' title='bbox 301 4049 452 4136; x_wconf 84' lang='lat' dir='ltr'><strong>virginis,</strong></span> <span class='ocrx_word' id='word_1_390' title='bbox 478 4053 669 4135; x_wconf 88' lang='lat' dir='ltr'><strong>palmarum,</strong></span> <span class='ocrx_word' id='word_1_391' title='bbox 695 4054 899 4136; x_wconf 82' lang='lat' dir='ltr'><strong>parascheve</strong></span> <span class='ocrx_word' id='word_1_392' title='bbox 929 4059 963 4119; x_wconf 93' lang='grc'><strong>01</strong></span> <span class='ocrx_word' id='word_1_393' title='bbox 993 4052 1027 4118; x_wconf 92' lang='lat' dir='ltr'><strong>in</strong></span> <span class='ocrx_word' id='word_1_394' title='bbox 1051 4051 1173 4136; x_wconf 88' lang='lat' dir='ltr'><strong>vigiliis</strong></span> <span class='ocrx_word' id='word_1_395' title='bbox 1196 4051 1318 4133; x_wconf 89' lang='lat' dir='ltr'><strong>pasche</strong></span> <span class='ocrx_word' id='word_1_396' title='bbox 1342 4057 1376 4117; x_wconf 89' lang='lat' dir='ltr'><strong>et</strong></span> <span class='ocrx_word' id='word_1_397' title='bbox 1399 4051 1635 4133; x_wconf 88' lang='lat' dir='ltr'><strong>penthecosten</strong></span> <span class='ocrx_word' id='word_1_398' title='bbox 1660 4047 1828 4130; x_wconf 81' lang='lat' dir='ltr'><strong>plebanae,</strong></span> 
     </span>
     <span class='ocr_line' id='line_1_36' title="bbox 168 4155 1829 4243; baseline -0.004 -19"><span class='ocrx_word' id='word_1_399' title='bbox 168 4158 229 4242; x_wconf 85' lang='lat' dir='ltr'><strong>qui</strong></span> <span class='ocrx_word' id='word_1_400' title='bbox 257 4159 360 4225; x_wconf 91' lang='lat' dir='ltr'><strong>habet</strong></span> <span class='ocrx_word' id='word_1_401' title='bbox 390 4159 586 4226; x_wconf 84' lang='lat' dir='ltr'><strong>exercicium</strong></span> <span class='ocrx_word' id='word_1_402' title='bbox 616 4179 694 4228; x_wconf 90' lang='grc'>0010</span> <span class='ocrx_word' id='word_1_403' title='bbox 724 4159 899 4243; x_wconf 84' lang='lat' dir='ltr'><strong>parrochIe</strong></span> <span class='ocrx_word' id='word_1_404' title='bbox 929 4159 1074 4226; x_wconf 85' lang='lat' dir='ltr'><strong>eiusdem</strong></span> <span class='ocrx_word' id='word_1_405' title='bbox 1104 4157 1251 4240; x_wconf 88' lang='lat' dir='ltr'><strong>ecclesie,</strong></span> <span class='ocrx_word' id='word_1_406' title='bbox 1277 4164 1310 4224; x_wconf 94' lang='grc'><strong>01</strong></span> <span class='ocrx_word' id='word_1_407' title='bbox 1337 4157 1454 4225; x_wconf 82' lang='lat' dir='ltr'><strong>vicarii</strong></span> <span class='ocrx_word' id='word_1_408' title='bbox 1477 4157 1586 4223; x_wconf 90' lang='lat' dir='ltr'><strong>sancti</strong></span> <span class='ocrx_word' id='word_1_409' title='bbox 1607 4155 1829 4222; x_wconf 90' lang='lat' dir='ltr'><strong>Bartholomei</strong></span> 
     </span>
     <span class='ocr_line' id='line_1_37' title="bbox 169 4261 1830 4349; baseline -0.002 -17"><span class='ocrx_word' id='word_1_410' title='bbox 169 4264 315 4349; x_wconf 89' lang='lat' dir='ltr'><strong>predicti</strong></span> <span class='ocrx_word' id='word_1_411' title='bbox 337 4283 465 4332; x_wconf 90' lang='lat' dir='ltr'><strong>necnon</strong></span> <span class='ocrx_word' id='word_1_412' title='bbox 489 4265 626 4334; x_wconf 86' lang='grc'>01101010</span> <span class='ocrx_word' id='word_1_413' title='bbox 652 4265 875 4349; x_wconf 89' lang='lat' dir='ltr'><strong>cappellarum</strong></span> <span class='ocrx_word' id='word_1_414' title='bbox 897 4266 933 4332; x_wconf 88' lang='lat' dir='ltr'><strong>iu</strong></span> <span class='ocrx_word' id='word_1_415' title='bbox 956 4266 1044 4332; x_wconf 91' lang='lat' dir='ltr'><strong>dicto</strong></span> <span class='ocrx_word' id='word_1_416' title='bbox 1061 4265 1179 4349; x_wconf 91' lang='lat' dir='ltr'><strong>oppido</strong></span> <span class='ocrx_word' id='word_1_417' title='bbox 1196 4262 1503 4331; x_wconf 82' lang='lat' dir='ltr'><strong>Frankeniordensi</strong></span> <span class='ocrx_word' id='word_1_418' title='bbox 1520 4261 1715 4346; x_wconf 90' lang='lat' dir='ltr'><strong>cappellani,</strong></span> <span class='ocrx_word' id='word_1_419' title='bbox 1740 4261 1830 4328; x_wconf 88' lang='lat' dir='ltr'><strong>vide-</strong></span> 
     </span>
     <span class='ocr_line' id='line_1_38' title="bbox 167 4366 1830 4458; baseline -0.004 -20"><span class='ocrx_word' id='word_1_420' title='bbox 167 4372 251 4438; x_wconf 90' lang='lat' dir='ltr'><strong>licet</strong></span> <span class='ocrx_word' id='word_1_421' title='bbox 281 4371 389 4439; x_wconf 89' lang='lat' dir='ltr'><strong>sancti</strong></span> <span class='ocrx_word' id='word_1_422' title='bbox 412 4372 560 4456; x_wconf 89' lang='lat' dir='ltr'><strong>Nycolai,</strong></span> <span class='ocrx_word' id='word_1_423' title='bbox 584 4373 675 4440; x_wconf 87' lang='lat' dir='ltr'><strong>beati</strong></span> <span class='ocrx_word' id='word_1_424' title='bbox 698 4372 835 4458; x_wconf 83' lang='lat' dir='ltr'><strong>Georgii</strong></span> <span class='ocrx_word' id='word_1_425' title='bbox 865 4380 899 4439; x_wconf 93' lang='grc'><strong>01</strong></span> <span class='ocrx_word' id='word_1_426' title='bbox 929 4371 1102 4455; x_wconf 87' lang='lat' dir='ltr'><strong>hospitalis</strong></span> <span class='ocrx_word' id='word_1_427' title='bbox 1132 4371 1262 4450; x_wconf 91' lang='lat' dir='ltr'><strong>ibidem,</strong></span> <span class='ocrx_word' id='word_1_428' title='bbox 1287 4371 1342 4453; x_wconf 85' lang='lat' dir='ltr'><strong>qui</strong></span> <span class='ocrx_word' id='word_1_429' title='bbox 1365 4389 1425 4452; x_wconf 92' lang='lat' dir='ltr'><strong>pro</strong></span> <span class='ocrx_word' id='word_1_430' title='bbox 1449 4377 1595 4452; x_wconf 91' lang='lat' dir='ltr'><strong>tempore</strong></span> <span class='ocrx_word' id='word_1_431' title='bbox 1618 4366 1762 4450; x_wconf 90' lang='lat' dir='ltr'><strong>luerunt,</strong></span> <span class='ocrx_word' id='word_1_432' title='bbox 1788 4369 1830 4433; x_wconf 92' lang='lat' dir='ltr'><strong>ab</strong></span> 
     </span>
     <span class='ocr_line' id='line_1_39' title="bbox 169 4473 1830 4563; baseline -0.004 -17"><span class='ocrx_word' id='word_1_433' title='bbox 169 4477 278 4546; x_wconf 80' lang='lat' dir='ltr'><strong>officIo</strong></span> <span class='ocrx_word' id='word_1_434' title='bbox 293 4477 392 4545; x_wconf 89' lang='lat' dir='ltr'><strong>misse</strong></span> <span class='ocrx_word' id='word_1_435' title='bbox 408 4477 650 4563; x_wconf 88' lang='lat' dir='ltr'><strong>abstinuerunt,</strong></span> <span class='ocrx_word' id='word_1_436' title='bbox 668 4479 702 4546; x_wconf 90' lang='lat' dir='ltr'><strong>iu</strong></span> <span class='ocrx_word' id='word_1_437' title='bbox 717 4481 779 4546; x_wconf 90' lang='lat' dir='ltr'><strong>hoc</strong></span> <span class='ocrx_word' id='word_1_438' title='bbox 795 4477 972 4546; x_wconf 84' lang='lat' dir='ltr'><strong>deferendo</strong></span> <span class='ocrx_word' id='word_1_439' title='bbox 1000 4531 1004 4543; x_wconf 96' lang='lat'><strong>.</strong></span> <span class='ocrx_word' id='word_1_440' title='bbox 1025 4530 1031 4544; x_wconf 92' lang='lat'><strong>.</strong></span> <span class='ocrx_word' id='word_1_441' title='bbox 1057 4482 1181 4545; x_wconf 91' lang='lat' dir='ltr'><strong>decano</strong></span> <span class='ocrx_word' id='word_1_442' title='bbox 1199 4484 1233 4543; x_wconf 93' lang='grc'><strong>01</strong></span> <span class='ocrx_word' id='word_1_443' title='bbox 1257 4529 1263 4542; x_wconf 95' lang='grc'><strong>.</strong></span> <span class='ocrx_word' id='word_1_444' title='bbox 1284 4531 1290 4544; x_wconf 95' lang='grc'><strong>.</strong></span> <span class='ocrx_word' id='word_1_445' title='bbox 1312 4477 1455 4559; x_wconf 92' lang='lat' dir='ltr'><strong>capitulo</strong></span> <span class='ocrx_word' id='word_1_446' title='bbox 1472 4474 1682 4559; x_wconf 90' lang='lat' dir='ltr'><strong>supradictis.</strong></span> <span class='ocrx_word' id='word_1_447' title='bbox 1718 4473 1830 4540; x_wconf 80' lang='lat' dir='ltr'><strong>Credit</strong></span> 
     </span>
     <span class='ocr_line' id='line_1_40' title="bbox 167 4575 1831 4672; baseline -0.004 -20"><span class='ocrx_word' id='word_1_448' title='bbox 167 4584 340 4669; x_wconf 76' lang='lat' dir='ltr'><strong>Nycolaus</strong></span> <span class='ocrx_word' id='word_1_449' title='bbox 370 4591 575 4668; x_wconf 89' lang='lat' dir='ltr'><strong>procurator,</strong></span> <span class='ocrx_word' id='word_1_450' title='bbox 600 4589 658 4654; x_wconf 89' lang='lat' dir='ltr'><strong>sed</strong></span> <span class='ocrx_word' id='word_1_451' title='bbox 682 4606 784 4669; x_wconf 92' lang='lat' dir='ltr'><strong>quare</strong></span> <span class='ocrx_word' id='word_1_452' title='bbox 807 4575 958 4669; x_wconf 86' lang='grc'>10001101,</span> <span class='ocrx_word' id='word_1_453' title='bbox 983 4592 1093 4652; x_wconf 90' lang='lat' dir='ltr'><strong>utrum</strong></span> <span class='ocrx_word' id='word_1_454' title='bbox 1117 4582 1293 4652; x_wconf 84' lang='lat' dir='ltr'><strong>deierando</strong></span> <span class='ocrx_word' id='word_1_455' title='bbox 1317 4583 1454 4650; x_wconf 89' lang='grc'>00010010</span> <span class='ocrx_word' id='word_1_456' title='bbox 1478 4582 1586 4672; x_wconf 82' lang='lat' dir='ltr'><strong>sancti</strong></span> <span class='ocrx_word' id='word_1_457' title='bbox 1608 4580 1831 4648; x_wconf 89' lang='lat' dir='ltr'><strong>Bartholomei</strong></span> 
     </span>
     <span class='ocr_line' id='line_1_41' title="bbox 168 4686 1831 4776; baseline -0.005 -15"><span class='ocrx_word' id='word_1_458' title='bbox 168 4701 206 4761; x_wconf 93' lang='grc'><strong>01</strong></span> <span class='ocrx_word' id='word_1_459' title='bbox 229 4691 382 4776; x_wconf 89' lang='lat' dir='ltr'><strong>personis</strong></span> <span class='ocrx_word' id='word_1_460' title='bbox 405 4691 484 4774; x_wconf 88' lang='grc'>0100,</span> <span class='ocrx_word' id='word_1_461' title='bbox 508 4691 652 4776; x_wconf 66' lang='grc'>1000101,</span> <span class='ocrx_word' id='word_1_462' title='bbox 677 4699 712 4760; x_wconf 89' lang='grc'><strong>01</strong></span> <span class='ocrx_word' id='word_1_463' title='bbox 735 4693 837 4776; x_wconf 89' lang='lat' dir='ltr'><strong>addit,</strong></span> <span class='ocrx_word' id='word_1_464' title='bbox 862 4695 948 4774; x_wconf 87' lang='lat' dir='ltr'><strong>quod</strong></span> <span class='ocrx_word' id='word_1_465' title='bbox 972 4691 1126 4774; x_wconf 91' lang='lat' dir='ltr'><strong>quamdiu</strong></span> <span class='ocrx_word' id='word_1_466' title='bbox 1150 4710 1236 4757; x_wconf 90' lang='lat' dir='ltr'><strong>nunc</strong></span> <span class='ocrx_word' id='word_1_467' title='bbox 1260 4690 1400 4757; x_wconf 90' lang='grc'>00010010</span> <span class='ocrx_word' id='word_1_468' title='bbox 1423 4695 1538 4756; x_wconf 86' lang='lat' dir='ltr'><strong>sancto</strong></span> <span class='ocrx_word' id='word_1_469' title='bbox 1554 4687 1660 4754; x_wconf 87' lang='lat' dir='ltr'><strong>Mario</strong></span> <span class='ocrx_word' id='word_1_470' title='bbox 1685 4707 1724 4754; x_wconf 90' lang='lat' dir='ltr'><strong>ac</strong></span> <span class='ocrx_word' id='word_1_471' title='bbox 1740 4686 1831 4752; x_wconf 89' lang='lat' dir='ltr'><strong>beati</strong></span> 
     </span>
     <span class='ocr_line' id='line_1_42' title="bbox 168 4793 1827 4884; baseline -0.007 -15"><span class='ocrx_word' id='word_1_472' title='bbox 168 4797 311 4882; x_wconf 86' lang='lat' dir='ltr'><strong>Georgii</strong></span> <span class='ocrx_word' id='word_1_473' title='bbox 327 4797 392 4866; x_wconf 87' lang='lat' dir='ltr'><strong>init</strong></span> <span class='ocrx_word' id='word_1_474' title='bbox 408 4799 568 4881; x_wconf 87' lang='lat' dir='ltr'><strong>cappella,</strong></span> <span class='ocrx_word' id='word_1_475' title='bbox 587 4802 673 4881; x_wconf 90' lang='lat' dir='ltr'><strong>quod</strong></span> <span class='ocrx_word' id='word_1_476' title='bbox 691 4800 905 4884; x_wconf 89' lang='lat' dir='ltr'><strong>cappellanus</strong></span> <span class='ocrx_word' id='word_1_477' title='bbox 920 4799 1041 4865; x_wconf 89' lang='lat' dir='ltr'><strong>ibidem</strong></span> <span class='ocrx_word' id='word_1_478' title='bbox 1058 4798 1122 4864; x_wconf 86' lang='lat' dir='ltr'><strong>hiis</strong></span> <span class='ocrx_word' id='word_1_479' title='bbox 1139 4798 1254 4864; x_wconf 90' lang='lat' dir='ltr'><strong>dicbus</strong></span> <span class='ocrx_word' id='word_1_480' title='bbox 1270 4803 1305 4862; x_wconf 89' lang='lat' dir='ltr'><strong>et</strong></span> <span class='ocrx_word' id='word_1_481' title='bbox 1319 4793 1415 4862; x_wconf 88' lang='grc'>100110</span> <span class='ocrx_word' id='word_1_482' title='bbox 1433 4793 1586 4875; x_wconf 89' lang='lat' dir='ltr'><strong>cessavit,</strong></span> <span class='ocrx_word' id='word_1_483' title='bbox 1604 4812 1691 4860; x_wconf 92' lang='lat' dir='ltr'><strong>nunc</strong></span> <span class='ocrx_word' id='word_1_484' title='bbox 1708 4799 1827 4872; x_wconf 92' lang='lat' dir='ltr'><strong>autem,</strong></span> 
     </span>
     <span class='ocr_line' id='line_1_43' title="bbox 168 4897 1830 4990; baseline -0.005 -18"><span class='ocrx_word' id='word_1_485' title='bbox 168 4923 247 4972; x_wconf 90' lang='lat' dir='ltr'><strong>cum</strong></span> <span class='ocrx_word' id='word_1_486' title='bbox 270 4906 315 4972; x_wconf 90' lang='lat' dir='ltr'><strong>sit</strong></span> <span class='ocrx_word' id='word_1_487' title='bbox 338 4903 432 4972; x_wconf 86' lang='lat' dir='ltr'><strong>iacta</strong></span> <span class='ocrx_word' id='word_1_488' title='bbox 455 4905 595 4972; x_wconf 90' lang='lat' dir='ltr'><strong>ecclesia</strong></span> <span class='ocrx_word' id='word_1_489' title='bbox 619 4906 805 4990; x_wconf 77' lang='lat' dir='ltr'><strong>collegiata,</strong></span> <span class='ocrx_word' id='word_1_490' title='bbox 831 4913 963 4973; x_wconf 89' lang='lat' dir='ltr'><strong>exercet</strong></span> <span class='ocrx_word' id='word_1_491' title='bbox 986 4906 1061 4973; x_wconf 92' lang='lat' dir='ltr'><strong>iura</strong></span> <span class='ocrx_word' id='word_1_492' title='bbox 1077 4903 1206 4988; x_wconf 89' lang='lat' dir='ltr'><strong>collegii</strong></span> <span class='ocrx_word' id='word_1_493' title='bbox 1222 4903 1417 4970; x_wconf 88' lang='lat' dir='ltr'><strong>celebrando</strong></span> <span class='ocrx_word' id='word_1_494' title='bbox 1435 4899 1540 4967; x_wconf 90' lang='lat' dir='ltr'><strong>officia</strong></span> <span class='ocrx_word' id='word_1_495' title='bbox 1556 4899 1669 4966; x_wconf 83' lang='lat' dir='ltr'><strong>divina</strong></span> <span class='ocrx_word' id='word_1_496' title='bbox 1684 4899 1720 4965; x_wconf 94' lang='lat' dir='ltr'><strong>in</strong></span> <span class='ocrx_word' id='word_1_497' title='bbox 1733 4897 1830 4965; x_wconf 91' lang='lat' dir='ltr'><strong>iestis</strong></span> 
     </span>
     <span class='ocr_line' id='line_1_44' title="bbox 169 5005 1829 5096; baseline -0.007 -14"><span class='ocrx_word' id='word_1_498' title='bbox 169 5019 208 5082; x_wconf 91' lang='lat' dir='ltr'><strong>et</strong></span> <span class='ocrx_word' id='word_1_499' title='bbox 231 5011 347 5080; x_wconf 77' lang='grc'>11101100</span> <span class='ocrx_word' id='word_1_500' title='bbox 370 5011 527 5096; x_wconf 92' lang='lat' dir='ltr'><strong>predictis</strong></span> <span class='ocrx_word' id='word_1_501' title='bbox 551 5013 646 5080; x_wconf 89' lang='lat' dir='ltr'><strong>iuxta</strong></span> <span class='ocrx_word' id='word_1_502' title='bbox 670 5013 939 5080; x_wconf 86' lang='lat' dir='ltr'><strong>consuetudinem</strong></span> <span class='ocrx_word' id='word_1_503' title='bbox 962 5013 1102 5080; x_wconf 91' lang='lat' dir='ltr'><strong>aliarum</strong></span> <span class='ocrx_word' id='word_1_504' title='bbox 1126 5011 1338 5078; x_wconf 87' lang='lat' dir='ltr'><strong>ecclesiarum</strong></span> <span class='ocrx_word' id='word_1_505' title='bbox 1358 5007 1614 5091; x_wconf 85' lang='lat' dir='ltr'><strong>collegiatarum.</strong></span> <span class='ocrx_word' id='word_1_506' title='bbox 1665 5005 1829 5090; x_wconf 69' lang='grc'>1411101,</span> 
     </span>
     <span class='ocr_line' id='line_1_45' title="bbox 169 5114 1828 5204; baseline -0.006 -18"><span class='ocrx_word' id='word_1_507' title='bbox 169 5123 262 5204; x_wconf 87' lang='lat' dir='ltr'><strong>quod</strong></span> <span class='ocrx_word' id='word_1_508' title='bbox 290 5122 353 5188; x_wconf 90' lang='lat' dir='ltr'><strong>hoc</strong></span> <span class='ocrx_word' id='word_1_509' title='bbox 383 5122 595 5187; x_wconf 86' lang='lat' dir='ltr'><strong>observatum</strong></span> <span class='ocrx_word' id='word_1_510' title='bbox 619 5119 814 5186; x_wconf 82' lang='grc' dir='ltr'>101101οε1</span> <span class='ocrx_word' id='word_1_511' title='bbox 838 5120 928 5187; x_wconf 87' lang='grc'>0110</span> <span class='ocrx_word' id='word_1_512' title='bbox 952 5119 1013 5186; x_wconf 92' lang='lat' dir='ltr'><strong>hoc</strong></span> <span class='ocrx_word' id='word_1_513' title='bbox 1037 5119 1181 5184; x_wconf 89' lang='lat' dir='ltr'><strong>delatum</strong></span> <span class='ocrx_word' id='word_1_514' title='bbox 1206 5116 1270 5183; x_wconf 90' lang='lat' dir='ltr'><strong>luit</strong></span> <span class='ocrx_word' id='word_1_515' title='bbox 1293 5123 1327 5182; x_wconf 93' lang='lat' dir='ltr'><strong>et</strong></span> <span class='ocrx_word' id='word_1_516' title='bbox 1350 5122 1402 5182; x_wconf 89' lang='grc'><strong>001</strong></span> <span class='ocrx_word' id='word_1_517' title='bbox 1424 5114 1505 5197; x_wconf 90' lang='lat' dir='ltr'><strong>ipsis</strong></span> <span class='ocrx_word' id='word_1_518' title='bbox 1530 5167 1562 5178; x_wconf 95' lang='lat'><strong>..</strong></span> <span class='ocrx_word' id='word_1_519' title='bbox 1589 5116 1713 5179; x_wconf 89' lang='lat' dir='ltr'><strong>decano</strong></span> <span class='ocrx_word' id='word_1_520' title='bbox 1738 5119 1772 5178; x_wconf 93' lang='lat' dir='ltr'><strong>et</strong></span> <span class='ocrx_word' id='word_1_521' title='bbox 1796 5165 1828 5180; x_wconf 91' lang='lat'><strong>..</strong></span> 
     </span>
     <span class='ocr_line' id='line_1_46' title="bbox 170 5218 1831 5310; baseline -0.006 -16"><span class='ocrx_word' id='word_1_522' title='bbox 170 5228 321 5310; x_wconf 87' lang='lat' dir='ltr'><strong>capitulo</strong></span> <span class='ocrx_word' id='word_1_523' title='bbox 351 5227 415 5294; x_wconf 89' lang='lat' dir='ltr'><strong>iam</strong></span> <span class='ocrx_word' id='word_1_524' title='bbox 446 5226 554 5308; x_wconf 89' lang='lat' dir='ltr'><strong>dictis,</strong></span> <span class='ocrx_word' id='word_1_525' title='bbox 578 5234 617 5292; x_wconf 94' lang='grc'><strong>01</strong></span> <span class='ocrx_word' id='word_1_526' title='bbox 647 5245 706 5308; x_wconf 91' lang='lat' dir='ltr'><strong>per</strong></span> <span class='ocrx_word' id='word_1_527' title='bbox 736 5245 792 5293; x_wconf 91' lang='lat' dir='ltr'><strong>eos</strong></span> <span class='ocrx_word' id='word_1_528' title='bbox 823 5226 937 5293; x_wconf 85' lang='lat' dir='ltr'><strong>divina</strong></span> <span class='ocrx_word' id='word_1_529' title='bbox 960 5225 1065 5294; x_wconf 89' lang='lat' dir='ltr'><strong>officia</strong></span> <span class='ocrx_word' id='word_1_530' title='bbox 1088 5225 1248 5292; x_wconf 92' lang='lat' dir='ltr'><strong>dictorum</strong></span> <span class='ocrx_word' id='word_1_531' title='bbox 1273 5223 1397 5288; x_wconf 90' lang='lat' dir='ltr'><strong>dierum</strong></span> <span class='ocrx_word' id='word_1_532' title='bbox 1422 5229 1455 5288; x_wconf 93' lang='grc'><strong>01</strong></span> <span class='ocrx_word' id='word_1_533' title='bbox 1477 5219 1637 5287; x_wconf 83' lang='grc'>10010100</span> <span class='ocrx_word' id='word_1_534' title='bbox 1659 5218 1693 5285; x_wconf 91' lang='lat' dir='ltr'><strong>in</strong></span> <span class='ocrx_word' id='word_1_535' title='bbox 1717 5222 1831 5286; x_wconf 88' lang='lat' dir='ltr'><strong>cadem</strong></span> 
     </span>
     <span class='ocr_line' id='line_1_47' title="bbox 170 5325 1830 5418; baseline -0.008 -15"><span class='ocrx_word' id='word_1_536' title='bbox 170 5334 316 5404; x_wconf 87' lang='lat' dir='ltr'><strong>ecclesia</strong></span> <span class='ocrx_word' id='word_1_537' title='bbox 338 5333 548 5415; x_wconf 85' lang='lat' dir='ltr'><strong>sollempnius</strong></span> <span class='ocrx_word' id='word_1_538' title='bbox 572 5340 820 5418; x_wconf 86' lang='lat' dir='ltr'><strong>peragerentur.</strong></span> <span class='ocrx_word' id='word_1_539' title='bbox 868 5333 981 5399; x_wconf 91' lang='lat' dir='ltr'><strong>Credit</strong></span> <span class='ocrx_word' id='word_1_540' title='bbox 1002 5340 1166 5415; x_wconf 90' lang='lat' dir='ltr'><strong>utsupra,</strong></span> <span class='ocrx_word' id='word_1_541' title='bbox 1191 5335 1259 5413; x_wconf 90' lang='lat' dir='ltr'><strong>sed,</strong></span> <span class='ocrx_word' id='word_1_542' title='bbox 1284 5337 1393 5396; x_wconf 91' lang='lat' dir='ltr'><strong>utrum</strong></span> <span class='ocrx_word' id='word_1_543' title='bbox 1411 5331 1451 5395; x_wconf 94' lang='lat' dir='ltr'><strong>ob</strong></span> <span class='ocrx_word' id='word_1_544' title='bbox 1468 5347 1601 5394; x_wconf 89' lang='lat' dir='ltr'><strong>causam</strong></span> <span class='ocrx_word' id='word_1_545' title='bbox 1616 5327 1650 5392; x_wconf 90' lang='lat' dir='ltr'><strong>in</strong></span> <span class='ocrx_word' id='word_1_546' title='bbox 1666 5325 1830 5409; x_wconf 91' lang='lat' dir='ltr'><strong>posicione</strong></span> 
     </span>
     <span class='ocr_line' id='line_1_48' title="bbox 170 5433 1828 5526; baseline -0.009 -15"><span class='ocrx_word' id='word_1_547' title='bbox 170 5461 365 5526; x_wconf 85' lang='lat' dir='ltr'><strong>expressam</strong></span> <span class='ocrx_word' id='word_1_548' title='bbox 389 5439 540 5522; x_wconf 88' lang='lat' dir='ltr'><strong>iecerint,</strong></span> <span class='ocrx_word' id='word_1_549' title='bbox 564 5440 706 5524; x_wconf 88' lang='lat' dir='ltr'><strong>ignorat.</strong></span> <span class='ocrx_word' id='word_1_550' title='bbox 758 5441 928 5526; x_wconf 72' lang='grc'>1011100,</span> <span class='ocrx_word' id='word_1_551' title='bbox 954 5442 1040 5522; x_wconf 91' lang='lat' dir='ltr'><strong>quod</strong></span> <span class='ocrx_word' id='word_1_552' title='bbox 1063 5439 1110 5505; x_wconf 91' lang='lat' dir='ltr'><strong>sic</strong></span> <span class='ocrx_word' id='word_1_553' title='bbox 1133 5438 1273 5521; x_wconf 90' lang='lat' dir='ltr'><strong>predicti</strong></span> <span class='ocrx_word' id='word_1_554' title='bbox 1299 5491 1331 5506; x_wconf 91' lang='lat'><strong>..</strong></span> <span class='ocrx_word' id='word_1_555' title='bbox 1357 5437 1526 5519; x_wconf 90' lang='lat' dir='ltr'><strong>plebanus,</strong></span> <span class='ocrx_word' id='word_1_556' title='bbox 1551 5433 1671 5502; x_wconf 90' lang='lat' dir='ltr'><strong>vicarii</strong></span> <span class='ocrx_word' id='word_1_557' title='bbox 1694 5439 1728 5499; x_wconf 91' lang='lat' dir='ltr'><strong>et</strong></span> <span class='ocrx_word' id='word_1_558' title='bbox 1751 5451 1828 5515; x_wconf 92' lang='lat' dir='ltr'><strong>cap-</strong></span> 
     </span>
     <span class='ocr_line' id='line_1_49' title="bbox 172 5542 1830 5634; baseline -0.007 -18"><span class='ocrx_word' id='word_1_559' title='bbox 172 5548 299 5634; x_wconf 89' lang='lat' dir='ltr'><strong>pellani</strong></span> <span class='ocrx_word' id='word_1_560' title='bbox 330 5545 459 5615; x_wconf 89' lang='lat' dir='ltr'><strong>deiarre</strong></span> <span class='ocrx_word' id='word_1_561' title='bbox 490 5554 732 5615; x_wconf 87' lang='lat' dir='ltr'><strong>consueverunt</strong></span> <span class='ocrx_word' id='word_1_562' title='bbox 825 5550 949 5614; x_wconf 87' lang='lat' dir='ltr'><strong>decano</strong></span> <span class='ocrx_word' id='word_1_563' title='bbox 981 5553 1014 5613; x_wconf 91' lang='lat' dir='ltr'><strong>et</strong></span> <span class='ocrx_word' id='word_1_564' title='bbox 1044 5544 1189 5628; x_wconf 90' lang='lat' dir='ltr'><strong>capitulo</strong></span> <span class='ocrx_word' id='word_1_565' title='bbox 1220 5543 1377 5627; x_wconf 90' lang='lat' dir='ltr'><strong>predictis</strong></span> <span class='ocrx_word' id='word_1_566' title='bbox 1406 5542 1533 5626; x_wconf 88' lang='lat' dir='ltr'><strong>ipsique</strong></span> <span class='ocrx_word' id='word_1_567' title='bbox 1564 5559 1689 5608; x_wconf 89' lang='lat' dir='ltr'><strong>necnon</strong></span> <span class='ocrx_word' id='word_1_568' title='bbox 1721 5557 1830 5605; x_wconf 91' lang='lat' dir='ltr'><strong>corum</strong></span> 
     </span>
     <span class='ocr_line' id='line_1_50' title="bbox 171 5645 1831 5738; baseline -0.008 -14"><span class='ocrx_word' id='word_1_569' title='bbox 171 5655 317 5724; x_wconf 87' lang='lat' dir='ltr'><strong>ecclesia</strong></span> <span class='ocrx_word' id='word_1_570' title='bbox 339 5653 490 5738; x_wconf 88' lang='lat' dir='ltr'><strong>predicta</strong></span> <span class='ocrx_word' id='word_1_571' title='bbox 512 5653 547 5720; x_wconf 95' lang='lat' dir='ltr'><strong>in</strong></span> <span class='ocrx_word' id='word_1_572' title='bbox 570 5652 777 5736; x_wconf 87' lang='lat' dir='ltr'><strong>possessione</strong></span> <span class='ocrx_word' id='word_1_573' title='bbox 800 5653 853 5720; x_wconf 90' lang='lat' dir='ltr'><strong>vel</strong></span> <span class='ocrx_word' id='word_1_574' title='bbox 876 5652 973 5734; x_wconf 89' lang='lat' dir='ltr'><strong>quasi</strong></span> <span class='ocrx_word' id='word_1_575' title='bbox 995 5651 1076 5718; x_wconf 91' lang='lat' dir='ltr'><strong>iuris</strong></span> <span class='ocrx_word' id='word_1_576' title='bbox 1099 5651 1284 5718; x_wconf 91' lang='lat' dir='ltr'><strong>huiusmodi</strong></span> <span class='ocrx_word' id='word_1_577' title='bbox 1299 5652 1459 5716; x_wconf 88' lang='lat' dir='ltr'><strong>hactenus</strong></span> <span class='ocrx_word' id='word_1_578' title='bbox 1475 5649 1670 5715; x_wconf 89' lang='lat' dir='ltr'><strong>existebant.</strong></span> <span class='ocrx_word' id='word_1_579' title='bbox 1719 5645 1831 5712; x_wconf 87' lang='lat' dir='ltr'><strong>Credit</strong></span> 
     </span>
     <span class='ocr_line' id='line_1_51' title="bbox 172 5751 1830 5844; baseline -0.008 -14"><span class='ocrx_word' id='word_1_580' title='bbox 172 5771 212 5830; x_wconf 92' lang='lat' dir='ltr'><strong>ut</strong></span> <span class='ocrx_word' id='word_1_581' title='bbox 243 5781 355 5844; x_wconf 89' lang='lat' dir='ltr'><strong>supra,</strong></span> <span class='ocrx_word' id='word_1_582' title='bbox 379 5763 438 5828; x_wconf 88' lang='lat' dir='ltr'><strong>sed</strong></span> <span class='ocrx_word' id='word_1_583' title='bbox 469 5767 534 5828; x_wconf 91' lang='lat' dir='ltr'><strong>non</strong></span> <span class='ocrx_word' id='word_1_584' title='bbox 564 5764 670 5842; x_wconf 87' lang='lat' dir='ltr'><strong>quoad</strong></span> <span class='ocrx_word' id='word_1_585' title='bbox 703 5759 874 5826; x_wconf 88' lang='lat' dir='ltr'><strong>ecclesiam</strong></span> <span class='ocrx_word' id='word_1_586' title='bbox 898 5766 1013 5826; x_wconf 91' lang='lat' dir='ltr'><strong>sancte</strong></span> <span class='ocrx_word' id='word_1_587' title='bbox 1036 5759 1142 5825; x_wconf 85' lang='lat' dir='ltr'><strong>Mario</strong></span> <span class='ocrx_word' id='word_1_588' title='bbox 1167 5779 1205 5824; x_wconf 86' lang='lat' dir='ltr'><strong>ac</strong></span> <span class='ocrx_word' id='word_1_589' title='bbox 1228 5758 1319 5824; x_wconf 90' lang='lat' dir='ltr'><strong>beati</strong></span> <span class='ocrx_word' id='word_1_590' title='bbox 1343 5756 1478 5842; x_wconf 79' lang='lat' dir='ltr'><strong>Georgii</strong></span> <span class='ocrx_word' id='word_1_591' title='bbox 1502 5775 1523 5821; x_wconf 89' lang='lat' dir='ltr'><strong>a</strong></span> <span class='ocrx_word' id='word_1_592' title='bbox 1546 5762 1691 5836; x_wconf 86' lang='lat' dir='ltr'><strong>tempore</strong></span> <span class='ocrx_word' id='word_1_593' title='bbox 1715 5751 1830 5818; x_wconf 88' lang='lat' dir='ltr'><strong>confir·</strong></span> 
     </span>
    </p>
   </div>
   <div class='ocr_carea' id='block_1_5' title="bbox 226 5891 1724 5958">
    <p class='ocr_par' dir='ltr' id='par_1_5' title="bbox 226 5891 1724 5958">
     <span class='ocr_line' id='line_1_52' title="bbox 226 5891 1724 5958; baseline -0.008 0"><span class='ocrx_word' id='word_1_594' title='bbox 226 5910 394 5958; x_wconf 61' lang='lat' dir='ltr'><strong>fumum</strong></span> <span class='ocrx_word' id='word_1_595' title='bbox 408 5907 607 5956; x_wconf 68' lang='lat' dir='ltr'><strong>Urkfflenhueh</strong></span> <span class='ocrx_word' id='word_1_596' title='bbox 621 5909 652 5954; x_wconf 89' lang='lat'><strong>11.</strong></span> <span class='ocrx_word' id='word_1_597' title='bbox 1690 5891 1724 5946; x_wconf 79' lang='grc'><strong>18</strong></span> 
     </span>
    </p>
   </div>
   <div class='ocr_carea' id='block_1_6' title="bbox 0 0 2212 6402">
    <p class='ocr_par' dir='ltr' id='par_1_6' title="bbox 0 0 2212 6402">
     <span class='ocr_line' id='line_1_53' title="bbox 0 0 2212 6402; baseline 0 0"><span class='ocrx_word' id='word_1_598' title='bbox 0 0 2212 6402; x_wconf 95' lang='lat' dir='ltr'><strong> </strong></span> 
     </span>
    </p>
   </div>
  </div>
 </body>
</html>
