<?xml version="1.0" encoding="UTF-8"?>
<!DOCTYPE html PUBLIC "-//W3C//DTD XHTML 1.0 Transitional//EN"
    "http://www.w3.org/TR/xhtml1/DTD/xhtml1-transitional.dtd">
<html xmlns="http://www.w3.org/1999/xhtml" xml:lang="en" lang="en">
 <head>
  <title>
</title>
<meta http-equiv="Content-Type" content="text/html;charset=utf-8" />
  <meta name='ocr-system' content='tesseract 3.04.00' />
  <meta name='ocr-capabilities' content='ocr_page ocr_carea ocr_par ocr_line ocrx_word'/>
</head>
<body>
  <div class='ocr_page' id='page_1' title='image "./codexdiplomatic01nathgoog_0234.png"; bbox 0 0 4436 6404; ppageno 0'>
   <div class='ocr_carea' id='block_1_1' title="bbox 1004 257 1595 316">
    <p class='ocr_par' dir='ltr' id='par_1_1' title="bbox 1004 257 1595 316">
     <span class='ocr_line' id='line_1_1' title="bbox 1004 257 1595 316; baseline 0.003 -2"><span class='ocrx_word' id='word_1_1' title='bbox 1004 259 1072 314; x_wconf 80' lang='lat'><strong>1326</strong></span> <span class='ocrx_word' id='word_1_2' title='bbox 1090 259 1196 316; x_wconf 81' lang='lat' dir='ltr'>Jauaar</span> <span class='ocrx_word' id='word_1_3' title='bbox 1217 261 1251 314; x_wconf 85' lang='lat' dir='ltr'>m</span> <span class='ocrx_word' id='word_1_4' title='bbox 1270 289 1303 300; x_wconf 88' lang='lat'>-</span> <span class='ocrx_word' id='word_1_5' title='bbox 1323 259 1392 313; x_wconf 77' lang='lat'>1326</span> <span class='ocrx_word' id='word_1_6' title='bbox 1410 257 1533 314; x_wconf 79' lang='lat' dir='ltr'>Februar</span> <span class='ocrx_word' id='word_1_7' title='bbox 1553 261 1595 316; x_wconf 80' lang='lat'>12.</span> 
     </span>
    </p>
   </div>
   <div class='ocr_carea' id='block_1_2' title="bbox 615 455 2056 886">
    <p class='ocr_par' dir='ltr' id='par_1_2' title="bbox 615 455 2056 612">
     <span class='ocr_line' id='line_1_2' title="bbox 615 455 2056 529; baseline 0.008 -19"><span class='ocrx_word' id='word_1_8' title='bbox 615 457 688 511; x_wconf 79' lang='lat' dir='ltr'>Eine</span> <span class='ocrx_word' id='word_1_9' title='bbox 711 457 803 511; x_wconf 71' lang='lat' dir='ltr'>aweite</span> <span class='ocrx_word' id='word_1_10' title='bbox 827 455 984 512; x_wconf 77' lang='lat' dir='ltr'>scbloebtcre</span> <span class='ocrx_word' id='word_1_11' title='bbox 1002 456 1145 522; x_wconf 77' lang='lat' dir='ltr'>Abscbrist</span> <span class='ocrx_word' id='word_1_12' title='bbox 1169 455 1238 512; x_wconf 79' lang='lat' dir='ltr'>steht</span> <span class='ocrx_word' id='word_1_13' title='bbox 1262 456 1300 509; x_wconf 87' lang='lat' dir='ltr'>im</span> <span class='ocrx_word' id='word_1_14' title='bbox 1320 455 1447 510; x_wconf 72' lang='lat' dir='ltr'>Matmer</span> <span class='ocrx_word' id='word_1_15' title='bbox 1465 455 1714 527; x_wconf 77' lang='lat' dir='ltr'>Inpressotorbucb</span> <span class='ocrx_word' id='word_1_16' title='bbox 1732 459 1752 512; x_wconf 88' lang='lat' dir='ltr'><strong><em>I</em></strong></span> <span class='ocrx_word' id='word_1_17' title='bbox 1768 459 1789 526; x_wconf 81' lang='lat' dir='ltr'>s.</span> <span class='ocrx_word' id='word_1_18' title='bbox 1804 461 1911 516; x_wconf 82' lang='lat' dir='ltr'>cxm</span> <span class='ocrx_word' id='word_1_19' title='bbox 1917 463 1940 529; x_wconf 92' lang='lat' dir='ltr'>b,</span> <span class='ocrx_word' id='word_1_20' title='bbox 1960 465 2056 520; x_wconf 68' lang='lat' dir='ltr'>ebeno</span> 
     </span>
     <span class='ocr_line' id='line_1_3' title="bbox 666 544 1171 612; baseline -0.004 -12"><span class='ocrx_word' id='word_1_21' title='bbox 666 547 698 600; x_wconf 78' lang='lat' dir='ltr'>io</span> <span class='ocrx_word' id='word_1_22' title='bbox 715 545 751 612; x_wconf 90' lang='grc' dir='ltr'>Β,</span> <span class='ocrx_word' id='word_1_23' title='bbox 776 545 819 599; x_wconf 91' lang='lat' dir='ltr'>VI</span> <span class='ocrx_word' id='word_1_24' title='bbox 834 544 854 610; x_wconf 82' lang='lat' dir='ltr'>f.</span> <span class='ocrx_word' id='word_1_25' title='bbox 871 549 916 599; x_wconf 86' lang='grc' dir='ltr'>7α.</span> <span class='ocrx_word' id='word_1_26' title='bbox 957 546 1045 600; x_wconf 81' lang='lat' dir='ltr'>Beide</span> <span class='ocrx_word' id='word_1_27' title='bbox 1062 546 1171 600; x_wconf 73' lang='lat' dir='ltr'>ebmdc.</span> 
     </span>
    </p>

    <p class='ocr_par' dir='ltr' id='par_1_3' title="bbox 616 633 2055 795">
     <span class='ocr_line' id='line_1_4' title="bbox 616 633 2055 710; baseline 0.005 -21"><span class='ocrx_word' id='word_1_28' title='bbox 616 634 717 689; x_wconf 67' lang='lat' dir='ltr'>(ledat</span> <span class='ocrx_word' id='word_1_29' title='bbox 732 633 914 704; x_wconf 75' lang='lat' dir='ltr'>Wrtrdtweio,</span> <span class='ocrx_word' id='word_1_30' title='bbox 939 635 1020 690; x_wconf 84' lang='lat' dir='ltr'>Nouo</span> <span class='ocrx_word' id='word_1_31' title='bbox 1046 634 1178 689; x_wconf 78' lang='lat' dir='ltr'>Subsidic</span> <span class='ocrx_word' id='word_1_32' title='bbox 1203 635 1390 704; x_wconf 78' lang='lat' dir='ltr'>diplomatico,</span> <span class='ocrx_word' id='word_1_33' title='bbox 1416 633 1478 701; x_wconf 89' lang='grc' dir='ltr'><em>ΙΙΙ,</em></span> <span class='ocrx_word' id='word_1_34' title='bbox 1505 637 1560 690; x_wconf 83' lang='grc'>168</span> <span class='ocrx_word' id='word_1_35' title='bbox 1567 654 1575 700; x_wconf 94' lang='lat'>‚·</span> <span class='ocrx_word' id='word_1_36' title='bbox 1602 635 1708 704; x_wconf 63' lang='lat' dir='ltr'>(lesdas</span> <span class='ocrx_word' id='word_1_37' title='bbox 1733 637 1797 694; x_wconf 77' lang='lat' dir='ltr'>coc.</span> <span class='ocrx_word' id='word_1_38' title='bbox 1812 639 1900 710; x_wconf 75' lang='lat' dir='ltr'>Dipo,</span> <span class='ocrx_word' id='word_1_39' title='bbox 1918 641 1982 709; x_wconf 86' lang='grc' dir='ltr'><em>ΙΙΙ,</em></span> <span class='ocrx_word' id='word_1_40' title='bbox 2001 645 2055 696; x_wconf 75' lang='lat'>241</span> 
     </span>
     <span class='ocr_line' id='line_1_5' title="bbox 669 724 813 795; baseline -0.007 -17"><span class='ocrx_word' id='word_1_41' title='bbox 669 724 813 795; x_wconf 62' lang='lat' dir='ltr'>(petebat),</span> 
     </span>
    </p>

    <p class='ocr_par' dir='ltr' id='par_1_4' title="bbox 615 811 986 886">
     <span class='ocr_line' id='line_1_6' title="bbox 615 811 986 886; baseline -0.008 -16"><span class='ocrx_word' id='word_1_42' title='bbox 615 813 730 886; x_wconf 74' lang='lat' dir='ltr'>Repeti.-</span> <span class='ocrx_word' id='word_1_43' title='bbox 747 813 844 881; x_wconf 66' lang='lat' dir='ltr'>Saum,</span> <span class='ocrx_word' id='word_1_44' title='bbox 863 811 906 880; x_wconf 84' lang='lat'>1⁸,</span> <span class='ocrx_word' id='word_1_45' title='bbox 926 817 986 868; x_wconf 84' lang='lat'><strong><em>135.</em></strong></span> 
     </span>
    </p>
   </div>
   <div class='ocr_carea' id='block_1_3' title="bbox 400 1102 2057 1285">
    <p class='ocr_par' dir='ltr' id='par_1_5' title="bbox 400 1102 2057 1285">
     <span class='ocr_line' id='line_1_7' title="bbox 400 1102 2057 1200; baseline 0.002 -21"><span class='ocrx_word' id='word_1_46' title='bbox 400 1102 493 1180; x_wconf 80' lang='grc'><strong>290.</strong></span> <span class='ocrx_word' id='word_1_47' title='bbox 518 1109 592 1177; x_wconf 87' lang='lat' dir='ltr'>Das</span> <span class='ocrx_word' id='word_1_48' title='bbox 613 1111 659 1178; x_wconf 80' lang='lat' dir='ltr'>St.</span> <span class='ocrx_word' id='word_1_49' title='bbox 677 1109 918 1191; x_wconf 77' lang='lat' dir='ltr'>Leoabcrdstift</span> <span class='ocrx_word' id='word_1_50' title='bbox 941 1109 1169 1190; x_wconf 75' lang='lat' dir='ltr'>vaeropacout</span> <span class='ocrx_word' id='word_1_51' title='bbox 1193 1108 1294 1173; x_wconf 74' lang='lat' dir='ltr'>Geor</span> <span class='ocrx_word' id='word_1_52' title='bbox 1316 1112 1351 1173; x_wconf 82' lang='lat' dir='ltr'>io</span> <span class='ocrx_word' id='word_1_53' title='bbox 1377 1107 1590 1196; x_wconf 62' lang='lat' dir='ltr'>ouer-Lange</span> <span class='ocrx_word' id='word_1_54' title='bbox 1613 1131 1657 1176; x_wconf 83' lang='lat' dir='ltr'>aa</span> <span class='ocrx_word' id='word_1_55' title='bbox 1678 1111 1833 1179; x_wconf 75' lang='lat' dir='ltr'>Heinrich</span> <span class='ocrx_word' id='word_1_56' title='bbox 1850 1115 1966 1200; x_wconf 76' lang='lat' dir='ltr'>Trebyl</span> <span class='ocrx_word' id='word_1_57' title='bbox 1988 1119 2057 1182; x_wconf 81' lang='lat' dir='ltr'>und</span> 
     </span>
     <span class='ocr_line' id='line_1_8' title="bbox 518 1217 990 1285; baseline -0.002 -2"><span class='ocrx_word' id='word_1_58' title='bbox 518 1217 623 1285; x_wconf 76' lang='lat' dir='ltr'>Frate.</span> <span class='ocrx_word' id='word_1_59' title='bbox 671 1223 759 1284; x_wconf 81' lang='lat'><em>1326</em></span> <span class='ocrx_word' id='word_1_60' title='bbox 781 1217 914 1283; x_wconf 81' lang='lat' dir='ltr'>Jaoucr</span> <span class='ocrx_word' id='word_1_61' title='bbox 938 1222 990 1282; x_wconf 85' lang='lat'>16.</span> 
     </span>
    </p>
   </div>
   <div class='ocr_carea' id='block_1_4' title="bbox 398 1357 2057 3260">
    <p class='ocr_par' dir='ltr' id='par_1_6' title="bbox 398 1357 2057 3260">
     <span class='ocr_line' id='line_1_9' title="bbox 509 1357 2056 1448; baseline 0.005 -22"><span class='ocrx_word' id='word_1_62' title='bbox 509 1413 542 1427; x_wconf 94' lang='lat'>..</span> <span class='ocrx_word' id='word_1_63' title='bbox 568 1361 722 1428; x_wconf 90' lang='lat' dir='ltr'>Decanus</span> <span class='ocrx_word' id='word_1_64' title='bbox 747 1411 780 1425; x_wconf 91' lang='lat'>..</span> <span class='ocrx_word' id='word_1_65' title='bbox 805 1365 974 1441; x_wconf 85' lang='lat' dir='ltr'>totumque</span> <span class='ocrx_word' id='word_1_66' title='bbox 1005 1357 1183 1440; x_wconf 92' lang='lat' dir='ltr'>capitulum</span> <span class='ocrx_word' id='word_1_67' title='bbox 1207 1357 1344 1424; x_wconf 82' lang='lat' dir='ltr'>ecclesie</span> <span class='ocrx_word' id='word_1_68' title='bbox 1368 1365 1483 1424; x_wconf 85' lang='lat' dir='ltr'>sancte</span> <span class='ocrx_word' id='word_1_69' title='bbox 1506 1359 1612 1428; x_wconf 85' lang='lat' dir='ltr'>Maria</span> <span class='ocrx_word' id='word_1_70' title='bbox 1635 1366 1669 1426; x_wconf 91' lang='lat' dir='ltr'>et</span> <span class='ocrx_word' id='word_1_71' title='bbox 1692 1362 1782 1428; x_wconf 87' lang='lat' dir='ltr'>beati</span> <span class='ocrx_word' id='word_1_72' title='bbox 1806 1364 1951 1448; x_wconf 81' lang='lat' dir='ltr'>Georgii,</span> <span class='ocrx_word' id='word_1_73' title='bbox 1977 1368 2056 1434; x_wconf 89' lang='lat' dir='ltr'>nori</span> 
     </span>
     <span class='ocr_line' id='line_1_10' title="bbox 400 1464 2055 1554; baseline 0.003 -19"><span class='ocrx_word' id='word_1_74' title='bbox 400 1468 530 1553; x_wconf 92' lang='lat' dir='ltr'>collegii</span> <span class='ocrx_word' id='word_1_75' title='bbox 559 1467 594 1533; x_wconf 90' lang='lat' dir='ltr'>in</span> <span class='ocrx_word' id='word_1_76' title='bbox 617 1465 855 1547; x_wconf 83' lang='lat' dir='ltr'>Frankenlort,</span> <span class='ocrx_word' id='word_1_77' title='bbox 880 1465 1144 1549; x_wconf 80' lang='lat' dir='ltr'>recognoscimus</span> <span class='ocrx_word' id='word_1_78' title='bbox 1161 1464 1188 1550; x_wconf 70' lang='lat' dir='ltr'>ll</span> <span class='ocrx_word' id='word_1_79' title='bbox 1206 1472 1319 1531; x_wconf 87' lang='lat' dir='ltr'>tenore</span> <span class='ocrx_word' id='word_1_80' title='bbox 1350 1467 1555 1547; x_wconf 81' lang='lat' dir='ltr'>presencium</span> <span class='ocrx_word' id='word_1_81' title='bbox 1585 1467 1713 1549; x_wconf 89' lang='lat' dir='ltr'>publice</span> <span class='ocrx_word' id='word_1_82' title='bbox 1743 1471 1935 1554; x_wconf 86' lang='lat' dir='ltr'>profitendo,</span> <span class='ocrx_word' id='word_1_83' title='bbox 1968 1475 2055 1554; x_wconf 90' lang='lat' dir='ltr'>qood</span> 
     </span>
     <span class='ocr_line' id='line_1_11' title="bbox 401 1571 2053 1667; baseline 0.001 -24"><span class='ocrx_word' id='word_1_84' title='bbox 401 1596 460 1643; x_wconf 91' lang='lat' dir='ltr'>nos</span> <span class='ocrx_word' id='word_1_85' title='bbox 490 1573 647 1641; x_wconf 89' lang='lat' dir='ltr'>Heinrico</span> <span class='ocrx_word' id='word_1_86' title='bbox 679 1573 766 1639; x_wconf 90' lang='lat' dir='ltr'>dieto</span> <span class='ocrx_word' id='word_1_87' title='bbox 797 1573 919 1655; x_wconf 79' lang='lat' dir='ltr'>Trebyl</span> <span class='ocrx_word' id='word_1_88' title='bbox 950 1574 989 1638; x_wconf 90' lang='lat' dir='ltr'>de</span> <span class='ocrx_word' id='word_1_89' title='bbox 1021 1571 1182 1653; x_wconf 84' lang='lat' dir='ltr'>superiori</span> <span class='ocrx_word' id='word_1_90' title='bbox 1211 1571 1362 1655; x_wconf 89' lang='lat' dir='ltr'>Langete</span> <span class='ocrx_word' id='word_1_91' title='bbox 1393 1577 1425 1638; x_wconf 90' lang='lat' dir='ltr'>et</span> <span class='ocrx_word' id='word_1_92' title='bbox 1449 1571 1612 1656; x_wconf 81' lang='lat' dir='ltr'>Elizabet,</span> <span class='ocrx_word' id='word_1_93' title='bbox 1637 1593 1695 1662; x_wconf 88' lang='lat' dir='ltr'>sue</span> <span class='ocrx_word' id='word_1_94' title='bbox 1725 1575 1821 1642; x_wconf 84' lang='lat' dir='ltr'>uxori</span> <span class='ocrx_word' id='word_1_95' title='bbox 1850 1577 2005 1662; x_wconf 82' lang='lat' dir='ltr'>legitime,</span> <span class='ocrx_word' id='word_1_96' title='bbox 2025 1583 2053 1667; x_wconf 70' lang='lat' dir='ltr'>ll</span> 
     </span>
     <span class='ocr_line' id='line_1_12' title="bbox 400 1678 2053 1769; baseline 0.003 -21"><span class='ocrx_word' id='word_1_97' title='bbox 400 1683 487 1750; x_wconf 89' lang='lat' dir='ltr'>iusto</span> <span class='ocrx_word' id='word_1_98' title='bbox 517 1680 695 1748; x_wconf 89' lang='lat' dir='ltr'>locacionis</span> <span class='ocrx_word' id='word_1_99' title='bbox 725 1680 822 1747; x_wconf 91' lang='lat' dir='ltr'>titulo</span> <span class='ocrx_word' id='word_1_100' title='bbox 853 1679 1032 1746; x_wconf 78' lang='lat' dir='ltr'>locavimus</span> <span class='ocrx_word' id='word_1_101' title='bbox 1063 1687 1098 1744; x_wconf 91' lang='lat' dir='ltr'>et</span> <span class='ocrx_word' id='word_1_102' title='bbox 1126 1678 1334 1744; x_wconf 88' lang='lat' dir='ltr'>nihilominus</span> <span class='ocrx_word' id='word_1_103' title='bbox 1364 1680 1509 1748; x_wconf 86' lang='lat' dir='ltr'>locamus</span> <span class='ocrx_word' id='word_1_104' title='bbox 1540 1699 1599 1762; x_wconf 88' lang='lat' dir='ltr'>per</span> <span class='ocrx_word' id='word_1_105' title='bbox 1623 1688 1793 1761; x_wconf 86' lang='lat' dir='ltr'>presentes</span> <span class='ocrx_word' id='word_1_106' title='bbox 1816 1684 1903 1750; x_wconf 92' lang='lat' dir='ltr'>bona</span> <span class='ocrx_word' id='word_1_107' title='bbox 1925 1694 2053 1769; x_wconf 90' lang='lat' dir='ltr'>nostra,</span> 
     </span>
     <span class='ocr_line' id='line_1_13' title="bbox 401 1786 2054 1871; baseline 0.002 -15"><span class='ocrx_word' id='word_1_108' title='bbox 401 1789 554 1857; x_wconf 86' lang='lat' dir='ltr'>videlicet</span> <span class='ocrx_word' id='word_1_109' title='bbox 585 1787 732 1854; x_wconf 76' lang='lat' dir='ltr'>curiam⁸</span> <span class='ocrx_word' id='word_1_110' title='bbox 763 1787 860 1853; x_wconf 87' lang='lat' dir='ltr'>sitam</span> <span class='ocrx_word' id='word_1_111' title='bbox 890 1786 1011 1852; x_wconf 89' lang='lat' dir='ltr'>ibidem</span> <span class='ocrx_word' id='word_1_112' title='bbox 1041 1804 1113 1851; x_wconf 91' lang='lat' dir='ltr'>cum</span> <span class='ocrx_word' id='word_1_113' title='bbox 1129 1787 1156 1871; x_wconf 71' lang='lat' dir='ltr'>ll</span> <span class='ocrx_word' id='word_1_114' title='bbox 1174 1804 1237 1852; x_wconf 95' lang='lat' dir='ltr'>uno</span> <span class='ocrx_word' id='word_1_115' title='bbox 1268 1805 1380 1852; x_wconf 89' lang='lat' dir='ltr'>manso</span> <span class='ocrx_word' id='word_1_116' title='bbox 1405 1795 1493 1852; x_wconf 87' lang='lat' dir='ltr'>terre</span> <span class='ocrx_word' id='word_1_117' title='bbox 1517 1787 1654 1856; x_wconf 87' lang='lat' dir='ltr'>arabilis</span> <span class='ocrx_word' id='word_1_118' title='bbox 1679 1795 1778 1870; x_wconf 88' lang='lat' dir='ltr'>atque</span> <span class='ocrx_word' id='word_1_119' title='bbox 1802 1810 1865 1856; x_wconf 93' lang='lat' dir='ltr'>uno</span> <span class='ocrx_word' id='word_1_120' title='bbox 1890 1799 1963 1858; x_wconf 92' lang='lat' dir='ltr'>orto</span> <span class='ocrx_word' id='word_1_121' title='bbox 1988 1793 2054 1861; x_wconf 90' lang='lat' dir='ltr'>sito</span> 
     </span>
     <span class='ocr_line' id='line_1_14' title="bbox 400 1892 2054 1980; baseline 0.002 -17"><span class='ocrx_word' id='word_1_122' title='bbox 400 1896 552 1963; x_wconf 88' lang='lat' dir='ltr'>similiter</span> <span class='ocrx_word' id='word_1_123' title='bbox 569 1895 700 1976; x_wconf 84' lang='lat' dir='ltr'>ibidem,</span> <span class='ocrx_word' id='word_1_124' title='bbox 726 1913 820 1975; x_wconf 90' lang='lat' dir='ltr'>quem</span> <span class='ocrx_word' id='word_1_125' title='bbox 836 1900 944 1959; x_wconf 90' lang='lat' dir='ltr'>ortum</span> <span class='ocrx_word' id='word_1_126' title='bbox 959 1892 1136 1959; x_wconf 89' lang='lat' dir='ltr'>Heinricus</span> <span class='ocrx_word' id='word_1_127' title='bbox 1153 1898 1186 1958; x_wconf 90' lang='lat' dir='ltr'>et</span> <span class='ocrx_word' id='word_1_128' title='bbox 1201 1892 1363 1973; x_wconf 84' lang='lat' dir='ltr'>Elizabet,</span> <span class='ocrx_word' id='word_1_129' title='bbox 1390 1892 1544 1980; x_wconf 86' lang='lat' dir='ltr'>coniuges</span> <span class='ocrx_word' id='word_1_130' title='bbox 1561 1893 1730 1976; x_wconf 91' lang='lat' dir='ltr'>antedicti,</span> <span class='ocrx_word' id='word_1_131' title='bbox 1755 1896 1850 1962; x_wconf 89' lang='lat' dir='ltr'>nobis</span> <span class='ocrx_word' id='word_1_132' title='bbox 1866 1903 1899 1962; x_wconf 92' lang='lat' dir='ltr'>et</span> <span class='ocrx_word' id='word_1_133' title='bbox 1915 1899 2054 1966; x_wconf 91' lang='lat' dir='ltr'>ecclesie</span> 
     </span>
     <span class='ocr_line' id='line_1_15' title="bbox 400 1999 2054 2088; baseline 0.002 -19"><span class='ocrx_word' id='word_1_134' title='bbox 400 2009 512 2069; x_wconf 91' lang='lat' dir='ltr'>nostre</span> <span class='ocrx_word' id='word_1_135' title='bbox 535 2002 746 2069; x_wconf 87' lang='lat' dir='ltr'>tradiderunt</span> <span class='ocrx_word' id='word_1_136' title='bbox 769 2007 803 2067; x_wconf 92' lang='lat' dir='ltr'>et</span> <span class='ocrx_word' id='word_1_137' title='bbox 826 2000 1081 2084; x_wconf 87' lang='lat' dir='ltr'>resignaverunt</span> <span class='ocrx_word' id='word_1_138' title='bbox 1105 1999 1344 2066; x_wconf 84' lang='lat' dir='ltr'>cornmunicata</span> <span class='ocrx_word' id='word_1_139' title='bbox 1367 2018 1464 2065; x_wconf 89' lang='lat' dir='ltr'>manu</span> <span class='ocrx_word' id='word_1_140' title='bbox 1487 2019 1547 2084; x_wconf 90' lang='lat' dir='ltr'>pro</span> <span class='ocrx_word' id='word_1_141' title='bbox 1572 2001 1749 2067; x_wconf 87' lang='lat' dir='ltr'>elemosina</span> <span class='ocrx_word' id='word_1_142' title='bbox 1775 2022 1854 2084; x_wconf 93' lang='lat' dir='ltr'>pure</span> <span class='ocrx_word' id='word_1_143' title='bbox 1879 2011 1912 2070; x_wconf 90' lang='lat' dir='ltr'>et</span> <span class='ocrx_word' id='word_1_144' title='bbox 1928 2005 2054 2088; x_wconf 91' lang='lat' dir='ltr'>simpli-</span> 
     </span>
     <span class='ocr_line' id='line_1_16' title="bbox 400 2106 2053 2194; baseline 0.002 -18"><span class='ocrx_word' id='word_1_145' title='bbox 400 2109 482 2176; x_wconf 90' lang='lat' dir='ltr'>citer</span> <span class='ocrx_word' id='word_1_146' title='bbox 512 2114 648 2192; x_wconf 90' lang='lat' dir='ltr'>propter</span> <span class='ocrx_word' id='word_1_147' title='bbox 678 2111 782 2188; x_wconf 91' lang='lat' dir='ltr'>deum,</span> <span class='ocrx_word' id='word_1_148' title='bbox 808 2127 866 2187; x_wconf 91' lang='lat' dir='ltr'>pro</span> <span class='ocrx_word' id='word_1_149' title='bbox 898 2106 1031 2172; x_wconf 91' lang='lat' dir='ltr'>dimidia</span> <span class='ocrx_word' id='word_1_150' title='bbox 1058 2126 1171 2172; x_wconf 88' lang='lat' dir='ltr'>marca</span> <span class='ocrx_word' id='word_1_151' title='bbox 1194 2106 1401 2192; x_wconf 88' lang='lat' dir='ltr'>denariorum</span> <span class='ocrx_word' id='word_1_152' title='bbox 1423 2106 1586 2192; x_wconf 88' lang='lat' dir='ltr'>legalium,</span> <span class='ocrx_word' id='word_1_153' title='bbox 1611 2127 1677 2174; x_wconf 92' lang='lat' dir='ltr'>una</span> <span class='ocrx_word' id='word_1_154' title='bbox 1701 2127 1785 2175; x_wconf 91' lang='lat' dir='ltr'>auca</span> <span class='ocrx_word' id='word_1_155' title='bbox 1808 2116 1841 2176; x_wconf 91' lang='lat' dir='ltr'>et</span> <span class='ocrx_word' id='word_1_156' title='bbox 1864 2130 1928 2177; x_wconf 94' lang='lat' dir='ltr'>uno</span> <span class='ocrx_word' id='word_1_157' title='bbox 1952 2113 2053 2194; x_wconf 90' lang='lat' dir='ltr'>pullo,</span> 
     </span>
     <span class='ocr_line' id='line_1_17' title="bbox 400 2210 2054 2301; baseline 0.003 -19"><span class='ocrx_word' id='word_1_158' title='bbox 400 2237 498 2298; x_wconf 90' lang='lat' dir='ltr'>quam</span> <span class='ocrx_word' id='word_1_159' title='bbox 522 2214 686 2281; x_wconf 89' lang='lat' dir='ltr'>dimidiam</span> <span class='ocrx_word' id='word_1_160' title='bbox 709 2234 853 2280; x_wconf 89' lang='lat' dir='ltr'>marcam</span> <span class='ocrx_word' id='word_1_161' title='bbox 878 2233 949 2280; x_wconf 91' lang='lat' dir='ltr'>cum</span> <span class='ocrx_word' id='word_1_162' title='bbox 974 2233 1059 2280; x_wconf 91' lang='lat' dir='ltr'>auca</span> <span class='ocrx_word' id='word_1_163' title='bbox 1077 2220 1111 2279; x_wconf 92' lang='lat' dir='ltr'>et</span> <span class='ocrx_word' id='word_1_164' title='bbox 1127 2213 1213 2294; x_wconf 93' lang='lat' dir='ltr'>pullo</span> <span class='ocrx_word' id='word_1_165' title='bbox 1238 2212 1271 2279; x_wconf 91' lang='lat' dir='ltr'>in</span> <span class='ocrx_word' id='word_1_166' title='bbox 1290 2210 1378 2278; x_wconf 88' lang='lat' dir='ltr'>festo</span> <span class='ocrx_word' id='word_1_167' title='bbox 1393 2213 1485 2282; x_wconf 88' lang='lat' dir='ltr'>beati</span> <span class='ocrx_word' id='word_1_168' title='bbox 1500 2213 1646 2296; x_wconf 87' lang='lat' dir='ltr'>Martini,</span> <span class='ocrx_word' id='word_1_169' title='bbox 1672 2221 1705 2281; x_wconf 89' lang='lat' dir='ltr'>et</span> <span class='ocrx_word' id='word_1_170' title='bbox 1721 2215 1856 2298; x_wconf 88' lang='lat' dir='ltr'>insuper</span> <span class='ocrx_word' id='word_1_171' title='bbox 1876 2238 1939 2285; x_wconf 94' lang='lat' dir='ltr'>uno</span> <span class='ocrx_word' id='word_1_172' title='bbox 1963 2221 2054 2301; x_wconf 91' lang='lat' dir='ltr'>pollo</span> 
     </span>
     <span class='ocr_line' id='line_1_18' title="bbox 400 2319 2057 2406; baseline 0.002 -16"><span class='ocrx_word' id='word_1_173' title='bbox 400 2322 655 2406; x_wconf 87' lang='lat' dir='ltr'>carnispriviali,</span> <span class='ocrx_word' id='word_1_174' title='bbox 681 2341 774 2404; x_wconf 90' lang='lat' dir='ltr'>quem</span> <span class='ocrx_word' id='word_1_175' title='bbox 799 2321 949 2388; x_wconf 88' lang='lat' dir='ltr'>similiter</span> <span class='ocrx_word' id='word_1_176' title='bbox 972 2341 1030 2386; x_wconf 87' lang='lat' dir='ltr'>suo</span> <span class='ocrx_word' id='word_1_177' title='bbox 1055 2327 1201 2402; x_wconf 91' lang='lat' dir='ltr'>tempore</span> <span class='ocrx_word' id='word_1_178' title='bbox 1225 2319 1319 2386; x_wconf 92' lang='lat' dir='ltr'>nobis</span> <span class='ocrx_word' id='word_1_179' title='bbox 1344 2326 1375 2385; x_wconf 87' lang='lat' dir='ltr'>ct</span> <span class='ocrx_word' id='word_1_180' title='bbox 1400 2320 1537 2388; x_wconf 89' lang='lat' dir='ltr'>ecclesie</span> <span class='ocrx_word' id='word_1_181' title='bbox 1560 2327 1673 2386; x_wconf 90' lang='lat' dir='ltr'>nostre</span> <span class='ocrx_word' id='word_1_182' title='bbox 1696 2321 1731 2387; x_wconf 89' lang='lat' dir='ltr'>iu</span> <span class='ocrx_word' id='word_1_183' title='bbox 1754 2323 1860 2390; x_wconf 91' lang='lat' dir='ltr'>locum</span> <span class='ocrx_word' id='word_1_184' title='bbox 1880 2326 2057 2393; x_wconf 87' lang='lat' dir='ltr'>Franken-</span> 
     </span>
     <span class='ocr_line' id='line_1_19' title="bbox 400 2426 2057 2516; baseline 0.002 -20"><span class='ocrx_word' id='word_1_185' title='bbox 400 2430 468 2496; x_wconf 85' lang='lat' dir='ltr'>fort</span> <span class='ocrx_word' id='word_1_186' title='bbox 497 2427 765 2512; x_wconf 87' lang='lat' dir='ltr'>presentabunt,b</span> <span class='ocrx_word' id='word_1_187' title='bbox 794 2428 865 2494; x_wconf 92' lang='lat' dir='ltr'>iure</span> <span class='ocrx_word' id='word_1_188' title='bbox 894 2427 1096 2494; x_wconf 89' lang='lat' dir='ltr'>hereditario</span> <span class='ocrx_word' id='word_1_189' title='bbox 1127 2426 1283 2508; x_wconf 83' lang='lat' dir='ltr'>predictis</span> <span class='ocrx_word' id='word_1_190' title='bbox 1314 2427 1507 2512; x_wconf 90' lang='lat' dir='ltr'>coniugibus</span> <span class='ocrx_word' id='word_1_191' title='bbox 1538 2435 1571 2494; x_wconf 94' lang='lat' dir='ltr'>et</span> <span class='ocrx_word' id='word_1_192' title='bbox 1601 2427 1657 2493; x_wconf 92' lang='lat' dir='ltr'>uni</span> <span class='ocrx_word' id='word_1_193' title='bbox 1688 2434 1820 2496; x_wconf 91' lang='lat' dir='ltr'>tantum</span> <span class='ocrx_word' id='word_1_194' title='bbox 1842 2431 1955 2498; x_wconf 90' lang='lat' dir='ltr'>heredi</span> <span class='ocrx_word' id='word_1_195' title='bbox 1978 2443 2057 2516; x_wconf 88' lang='lat' dir='ltr'>post</span> 
     </span>
     <span class='ocr_line' id='line_1_20' title="bbox 399 2533 2056 2618; baseline 0.002 -15"><span class='ocrx_word' id='word_1_196' title='bbox 399 2557 454 2604; x_wconf 91' lang='lat' dir='ltr'>eos</span> <span class='ocrx_word' id='word_1_197' title='bbox 478 2536 678 2603; x_wconf 89' lang='lat' dir='ltr'>hereditario</span> <span class='ocrx_word' id='word_1_198' title='bbox 702 2535 772 2602; x_wconf 89' lang='lat' dir='ltr'>iure</span> <span class='ocrx_word' id='word_1_199' title='bbox 797 2541 955 2618; x_wconf 88' lang='lat' dir='ltr'>perpetue</span> <span class='ocrx_word' id='word_1_200' title='bbox 979 2533 1218 2616; x_wconf 90' lang='lat' dir='ltr'>possidendam,</span> <span class='ocrx_word' id='word_1_201' title='bbox 1244 2533 1293 2598; x_wconf 91' lang='lat' dir='ltr'>ita</span> <span class='ocrx_word' id='word_1_202' title='bbox 1316 2536 1498 2614; x_wconf 77' lang='lat' dir='ltr'>dumtaxat,</span> <span class='ocrx_word' id='word_1_203' title='bbox 1524 2540 1561 2599; x_wconf 93' lang='lat' dir='ltr'>ut</span> <span class='ocrx_word' id='word_1_204' title='bbox 1585 2533 1678 2600; x_wconf 86' lang='lat' dir='ltr'>curia</span> <span class='ocrx_word' id='word_1_205' title='bbox 1701 2535 1871 2604; x_wconf 89' lang='lat' dir='ltr'>antedicta</span> <span class='ocrx_word' id='word_1_206' title='bbox 1892 2558 1964 2604; x_wconf 91' lang='lat' dir='ltr'>cum</span> <span class='ocrx_word' id='word_1_207' title='bbox 1981 2547 2056 2607; x_wconf 88' lang='lat' dir='ltr'>orto</span> 
     </span>
     <span class='ocr_line' id='line_1_21' title="bbox 400 2639 2054 2726; baseline 0.001 -16"><span class='ocrx_word' id='word_1_208' title='bbox 400 2651 434 2710; x_wconf 91' lang='lat' dir='ltr'>et</span> <span class='ocrx_word' id='word_1_209' title='bbox 463 2663 576 2710; x_wconf 90' lang='lat' dir='ltr'>manso</span> <span class='ocrx_word' id='word_1_210' title='bbox 607 2643 755 2726; x_wconf 90' lang='lat' dir='ltr'>predicte</span> <span class='ocrx_word' id='word_1_211' title='bbox 786 2642 875 2708; x_wconf 92' lang='lat' dir='ltr'>curie</span> <span class='ocrx_word' id='word_1_212' title='bbox 906 2641 1125 2707; x_wconf 82' lang='lat' dir='ltr'>attinentibus</span> <span class='ocrx_word' id='word_1_213' title='bbox 1156 2659 1285 2722; x_wconf 89' lang='lat' dir='ltr'>semper</span> <span class='ocrx_word' id='word_1_214' title='bbox 1315 2646 1348 2705; x_wconf 94' lang='lat' dir='ltr'>et</span> <span class='ocrx_word' id='word_1_215' title='bbox 1378 2639 1617 2722; x_wconf 89' lang='lat' dir='ltr'>imperpetuum</span> <span class='ocrx_word' id='word_1_216' title='bbox 1647 2648 1781 2708; x_wconf 90' lang='lat' dir='ltr'>maneat</span> <span class='ocrx_word' id='word_1_217' title='bbox 1810 2642 1964 2714; x_wconf 88' lang='lat' dir='ltr'>indivisa.</span> <span class='ocrx_word' id='word_1_218' title='bbox 2014 2647 2054 2712; x_wconf 92' lang='lat' dir='ltr'>In</span> 
     </span>
     <span class='ocr_line' id='line_1_22' title="bbox 400 2745 2056 2832; baseline 0.002 -16"><span class='ocrx_word' id='word_1_219' title='bbox 400 2749 492 2816; x_wconf 89' lang='lat' dir='ltr'>cuius</span> <span class='ocrx_word' id='word_1_220' title='bbox 524 2750 573 2816; x_wconf 90' lang='lat' dir='ltr'>rei</span> <span class='ocrx_word' id='word_1_221' title='bbox 605 2749 828 2816; x_wconf 91' lang='lat' dir='ltr'>testimonium</span> <span class='ocrx_word' id='word_1_222' title='bbox 861 2755 1032 2831; x_wconf 90' lang='lat' dir='ltr'>presentes</span> <span class='ocrx_word' id='word_1_223' title='bbox 1064 2746 1184 2812; x_wconf 89' lang='lat' dir='ltr'>eisdem</span> <span class='ocrx_word' id='word_1_224' title='bbox 1216 2745 1407 2831; x_wconf 91' lang='lat' dir='ltr'>coniugibus</span> <span class='ocrx_word' id='word_1_225' title='bbox 1438 2746 1586 2813; x_wconf 87' lang='lat' dir='ltr'>dedimus</span> <span class='ocrx_word' id='word_1_226' title='bbox 1615 2747 1747 2814; x_wconf 89' lang='lat' dir='ltr'>litteras</span> <span class='ocrx_word' id='word_1_227' title='bbox 1778 2749 1884 2832; x_wconf 89' lang='lat' dir='ltr'>sigillo</span> <span class='ocrx_word' id='word_1_228' title='bbox 1915 2752 2056 2819; x_wconf 88' lang='lat' dir='ltr'>ecclesie</span> 
     </span>
     <span class='ocr_line' id='line_1_23' title="bbox 398 2852 2057 2938; baseline 0.001 -14"><span class='ocrx_word' id='word_1_229' title='bbox 398 2865 510 2925; x_wconf 90' lang='lat' dir='ltr'>nostre</span> <span class='ocrx_word' id='word_1_230' title='bbox 535 2860 577 2924; x_wconf 89' lang='lat' dir='ltr'>ad</span> <span class='ocrx_word' id='word_1_231' title='bbox 594 2875 712 2923; x_wconf 87' lang='lat' dir='ltr'>causas</span> <span class='ocrx_word' id='word_1_232' title='bbox 728 2873 883 2922; x_wconf 91' lang='lat' dir='ltr'>unacum</span> <span class='ocrx_word' id='word_1_233' title='bbox 900 2853 1007 2938; x_wconf 87' lang='lat' dir='ltr'>sigillo</span> <span class='ocrx_word' id='word_1_234' title='bbox 1023 2852 1224 2921; x_wconf 90' lang='lat' dir='ltr'>honorabilis</span> <span class='ocrx_word' id='word_1_235' title='bbox 1240 2852 1305 2918; x_wconf 92' lang='lat' dir='ltr'>viri</span> <span class='ocrx_word' id='word_1_236' title='bbox 1321 2853 1442 2920; x_wconf 92' lang='lat' dir='ltr'>domini</span> <span class='ocrx_word' id='word_1_237' title='bbox 1458 2852 1588 2936; x_wconf 89' lang='lat' dir='ltr'>pryoris</span> <span class='ocrx_word' id='word_1_238' title='bbox 1604 2853 1814 2920; x_wconf 89' lang='lat' dir='ltr'>Penitcntum</span> <span class='ocrx_word' id='word_1_239' title='bbox 1830 2855 1865 2921; x_wconf 93' lang='lat' dir='ltr'>in</span> <span class='ocrx_word' id='word_1_240' title='bbox 1880 2857 2057 2925; x_wconf 85' lang='lat' dir='ltr'>Franken-</span> 
     </span>
     <span class='ocr_line' id='line_1_24' title="bbox 400 2958 2057 3046; baseline 0.002 -18"><span class='ocrx_word' id='word_1_241' title='bbox 400 2961 467 3030; x_wconf 87' lang='lat' dir='ltr'>lort</span> <span class='ocrx_word' id='word_1_242' title='bbox 497 2983 556 3046; x_wconf 93' lang='lat' dir='ltr'>pro</span> <span class='ocrx_word' id='word_1_243' title='bbox 584 2963 760 3030; x_wconf 86' lang='lat' dir='ltr'>munimine</span> <span class='ocrx_word' id='word_1_244' title='bbox 783 2964 969 3028; x_wconf 91' lang='lat' dir='ltr'>roboratas.</span> <span class='ocrx_word' id='word_1_245' title='bbox 1018 2960 1231 3026; x_wconf 83' lang='lat' dir='ltr'>Concedimus</span> <span class='ocrx_word' id='word_1_246' title='bbox 1255 2959 1462 3026; x_wconf 91' lang='lat' dir='ltr'>nibilominus</span> <span class='ocrx_word' id='word_1_247' title='bbox 1486 2958 1627 3042; x_wconf 87' lang='lat' dir='ltr'>prelatis</span> <span class='ocrx_word' id='word_1_248' title='bbox 1651 2961 1845 3046; x_wconf 88' lang='lat' dir='ltr'>coniugibus</span> <span class='ocrx_word' id='word_1_249' title='bbox 1870 2962 2057 3031; x_wconf 85' lang='lat' dir='ltr'>confrater-</span> 
     </span>
     <span class='ocr_line' id='line_1_25' title="bbox 399 3065 2054 3155; baseline 0.001 -19"><span class='ocrx_word' id='word_1_250' title='bbox 399 3070 538 3137; x_wconf 86' lang='lat' dir='ltr'>nitatem</span> <span class='ocrx_word' id='word_1_251' title='bbox 562 3069 699 3136; x_wconf 89' lang='lat' dir='ltr'>ecclesie</span> <span class='ocrx_word' id='word_1_252' title='bbox 724 3075 835 3135; x_wconf 89' lang='lat' dir='ltr'>nostre</span> <span class='ocrx_word' id='word_1_253' title='bbox 853 3088 911 3150; x_wconf 91' lang='lat' dir='ltr'>per</span> <span class='ocrx_word' id='word_1_254' title='bbox 928 3075 1107 3150; x_wconf 83' lang='lat' dir='ltr'>presentes</span> <span class='ocrx_word' id='word_1_255' title='bbox 1156 3068 1224 3134; x_wconf 89' lang='lat' dir='ltr'>Nos</span> <span class='ocrx_word' id='word_1_256' title='bbox 1239 3085 1366 3148; x_wconf 85' lang='lat' dir='ltr'>quoque</span> <span class='ocrx_word' id='word_1_257' title='bbox 1382 3065 1558 3134; x_wconf 89' lang='lat' dir='ltr'>Heinricus</span> <span class='ocrx_word' id='word_1_258' title='bbox 1574 3067 1682 3133; x_wconf 88' lang='lat' dir='ltr'>dictus</span> <span class='ocrx_word' id='word_1_259' title='bbox 1699 3068 1822 3150; x_wconf 81' lang='lat' dir='ltr'>Trebyl</span> <span class='ocrx_word' id='word_1_260' title='bbox 1838 3076 1872 3135; x_wconf 91' lang='lat' dir='ltr'>et</span> <span class='ocrx_word' id='word_1_261' title='bbox 1887 3069 2054 3155; x_wconf 81' lang='lat' dir='ltr'>Fllizabet,</span> 
     </span>
     <span class='ocr_line' id='line_1_26' title="bbox 398 3171 2057 3260; baseline 0.002 -18"><span class='ocrx_word' id='word_1_262' title='bbox 398 3197 481 3242; x_wconf 83' lang='lat' dir='ltr'>uxor</span> <span class='ocrx_word' id='word_1_263' title='bbox 511 3176 581 3244; x_wconf 88' lang='lat' dir='ltr'>eius</span> <span class='ocrx_word' id='word_1_264' title='bbox 611 3175 768 3260; x_wconf 89' lang='lat' dir='ltr'>legitima,</span> <span class='ocrx_word' id='word_1_265' title='bbox 793 3177 854 3241; x_wconf 89' lang='lat' dir='ltr'>sub</span> <span class='ocrx_word' id='word_1_266' title='bbox 885 3174 992 3259; x_wconf 89' lang='lat' dir='ltr'>sigillo</span> <span class='ocrx_word' id='word_1_267' title='bbox 1022 3173 1223 3241; x_wconf 88' lang='lat' dir='ltr'>honorabilis</span> <span class='ocrx_word' id='word_1_268' title='bbox 1246 3172 1310 3240; x_wconf 93' lang='lat' dir='ltr'>viri</span> <span class='ocrx_word' id='word_1_269' title='bbox 1334 3171 1452 3255; x_wconf 88' lang='lat' dir='ltr'>prioris</span> <span class='ocrx_word' id='word_1_270' title='bbox 1478 3225 1510 3238; x_wconf 88' lang='lat'>..</span> <span class='ocrx_word' id='word_1_271' title='bbox 1535 3172 1743 3240; x_wconf 85' lang='lat' dir='ltr'>Penitcntum</span> <span class='ocrx_word' id='word_1_272' title='bbox 1767 3174 1801 3241; x_wconf 89' lang='lat' dir='ltr'>in</span> <span class='ocrx_word' id='word_1_273' title='bbox 1824 3177 2057 3245; x_wconf 80' lang='lat' dir='ltr'>Frankenlort</span> 
     </span>
    </p>
   </div>
   <div class='ocr_carea' id='block_1_5' title="bbox 397 3278 2057 3896">
    <p class='ocr_par' dir='ltr' id='par_1_7' title="bbox 397 3278 2057 3896">
     <span class='ocr_line' id='line_1_27' title="bbox 397 3278 2056 3369; baseline 0.002 -20"><span class='ocrx_word' id='word_1_274' title='bbox 397 3282 580 3365; x_wconf 90' lang='lat' dir='ltr'>memorati,</span> <span class='ocrx_word' id='word_1_275' title='bbox 606 3286 691 3365; x_wconf 89' lang='lat' dir='ltr'>quod</span> <span class='ocrx_word' id='word_1_276' title='bbox 723 3286 765 3348; x_wconf 92' lang='lat' dir='ltr'>ad</span> <span class='ocrx_word' id='word_1_277' title='bbox 795 3288 944 3349; x_wconf 90' lang='lat' dir='ltr'>nostram</span> <span class='ocrx_word' id='word_1_278' title='bbox 974 3280 1170 3363; x_wconf 88' lang='lat' dir='ltr'>peticionem</span> <span class='ocrx_word' id='word_1_279' title='bbox 1200 3278 1410 3361; x_wconf 85' lang='lat' dir='ltr'>presentibus</span> <span class='ocrx_word' id='word_1_280' title='bbox 1443 3286 1494 3344; x_wconf 89' lang='lat' dir='ltr'>est</span> <span class='ocrx_word' id='word_1_281' title='bbox 1516 3299 1707 3361; x_wconf 87' lang='lat' dir='ltr'>appensum,</span> <span class='ocrx_word' id='word_1_282' title='bbox 1734 3281 1842 3348; x_wconf 89' lang='lat' dir='ltr'>omnia</span> <span class='ocrx_word' id='word_1_283' title='bbox 1865 3289 1899 3348; x_wconf 89' lang='lat' dir='ltr'>et</span> <span class='ocrx_word' id='word_1_284' title='bbox 1922 3283 2056 3369; x_wconf 89' lang='lat' dir='ltr'>singula</span> 
     </span>
     <span class='ocr_line' id='line_1_28' title="bbox 399 3385 2057 3473; baseline 0.001 -18"><span class='ocrx_word' id='word_1_285' title='bbox 399 3389 560 3472; x_wconf 89' lang='lat' dir='ltr'>premissa</span> <span class='ocrx_word' id='word_1_286' title='bbox 590 3389 855 3473; x_wconf 83' lang='lat' dir='ltr'>recognoscimus</span> <span class='ocrx_word' id='word_1_287' title='bbox 885 3387 1017 3471; x_wconf 90' lang='lat' dir='ltr'>penitus</span> <span class='ocrx_word' id='word_1_288' title='bbox 1048 3405 1121 3453; x_wconf 89' lang='lat' dir='ltr'>esse</span> <span class='ocrx_word' id='word_1_289' title='bbox 1150 3406 1241 3468; x_wconf 90' lang='lat' dir='ltr'>vera,</span> <span class='ocrx_word' id='word_1_290' title='bbox 1270 3392 1304 3452; x_wconf 89' lang='lat' dir='ltr'>et</span> <span class='ocrx_word' id='word_1_291' title='bbox 1328 3404 1387 3452; x_wconf 90' lang='lat' dir='ltr'>nos</span> <span class='ocrx_word' id='word_1_292' title='bbox 1412 3405 1512 3470; x_wconf 88' lang='lat' dir='ltr'>pryor</span> <span class='ocrx_word' id='word_1_293' title='bbox 1534 3385 1744 3454; x_wconf 85' lang='lat' dir='ltr'>Penitcntum</span> <span class='ocrx_word' id='word_1_294' title='bbox 1767 3388 1801 3453; x_wconf 90' lang='lat' dir='ltr'>in</span> <span class='ocrx_word' id='word_1_295' title='bbox 1824 3389 2057 3458; x_wconf 80' lang='lat' dir='ltr'>Frankanlort</span> 
     </span>
     <span class='ocr_line' id='line_1_29' title="bbox 399 3491 2057 3579; baseline 0.002 -18"><span class='ocrx_word' id='word_1_296' title='bbox 399 3493 586 3562; x_wconf 89' lang='lat' dir='ltr'>antedictus</span> <span class='ocrx_word' id='word_1_297' title='bbox 616 3494 878 3578; x_wconf 84' lang='lat' dir='ltr'>recognoscimus</span> <span class='ocrx_word' id='word_1_298' title='bbox 910 3497 952 3560; x_wconf 90' lang='lat' dir='ltr'>ad</span> <span class='ocrx_word' id='word_1_299' title='bbox 976 3493 1171 3576; x_wconf 88' lang='lat' dir='ltr'>peticionem</span> <span class='ocrx_word' id='word_1_300' title='bbox 1194 3499 1262 3559; x_wconf 93' lang='lat' dir='ltr'>tam</span> <span class='ocrx_word' id='word_1_301' title='bbox 1286 3491 1525 3559; x_wconf 86' lang='lat' dir='ltr'>honorabilium</span> <span class='ocrx_word' id='word_1_302' title='bbox 1548 3491 1694 3560; x_wconf 89' lang='lat' dir='ltr'>virorum</span> <span class='ocrx_word' id='word_1_303' title='bbox 1718 3495 1835 3562; x_wconf 88' lang='lat' dir='ltr'>deceni</span> <span class='ocrx_word' id='word_1_304' title='bbox 1858 3501 1892 3561; x_wconf 90' lang='lat' dir='ltr'>et</span> <span class='ocrx_word' id='word_1_305' title='bbox 1916 3497 2057 3579; x_wconf 86' lang='lat' dir='ltr'>capituli</span> 
     </span>
     <span class='ocr_line' id='line_1_30' title="bbox 399 3597 2056 3689; baseline 0.002 -21"><span class='ocrx_word' id='word_1_306' title='bbox 399 3599 585 3689; x_wconf 77' lang='lat' dir='ltr'>[ecclesie]⁰</span> <span class='ocrx_word' id='word_1_307' title='bbox 613 3607 727 3668; x_wconf 89' lang='lat' dir='ltr'>sancte</span> <span class='ocrx_word' id='word_1_308' title='bbox 751 3601 856 3667; x_wconf 89' lang='lat' dir='ltr'>Marie</span> <span class='ocrx_word' id='word_1_309' title='bbox 886 3608 920 3667; x_wconf 89' lang='lat' dir='ltr'>et</span> <span class='ocrx_word' id='word_1_310' title='bbox 950 3601 1041 3667; x_wconf 90' lang='lat' dir='ltr'>beati</span> <span class='ocrx_word' id='word_1_311' title='bbox 1064 3599 1200 3682; x_wconf 84' lang='lat' dir='ltr'>Georgii</span> <span class='ocrx_word' id='word_1_312' title='bbox 1229 3599 1262 3665; x_wconf 91' lang='lat' dir='ltr'>in</span> <span class='ocrx_word' id='word_1_313' title='bbox 1286 3597 1522 3680; x_wconf 82' lang='lat' dir='ltr'>Frankenlort,</span> <span class='ocrx_word' id='word_1_314' title='bbox 1548 3607 1650 3680; x_wconf 84' lang='lat' dir='ltr'>quam&#39;</span> <span class='ocrx_word' id='word_1_315' title='bbox 1675 3599 1778 3667; x_wconf 88' lang='lat' dir='ltr'>eciam</span> <span class='ocrx_word' id='word_1_316' title='bbox 1800 3601 1951 3669; x_wconf 91' lang='lat' dir='ltr'>Heinrici</span> <span class='ocrx_word' id='word_1_317' title='bbox 1974 3604 2056 3671; x_wconf 90' lang='lat' dir='ltr'>dicti</span> 
     </span>
     <span class='ocr_line' id='line_1_31' title="bbox 398 3705 2053 3792; baseline 0.003 -20"><span class='ocrx_word' id='word_1_318' title='bbox 398 3707 522 3792; x_wconf 80' lang='lat' dir='ltr'>Trebyl</span> <span class='ocrx_word' id='word_1_319' title='bbox 552 3713 585 3773; x_wconf 92' lang='lat' dir='ltr'>et</span> <span class='ocrx_word' id='word_1_320' title='bbox 608 3707 770 3790; x_wconf 86' lang='lat' dir='ltr'>Elizabet,</span> <span class='ocrx_word' id='word_1_321' title='bbox 796 3707 967 3791; x_wconf 91' lang='lat' dir='ltr'>coniugum</span> <span class='ocrx_word' id='word_1_322' title='bbox 1000 3706 1230 3790; x_wconf 89' lang='lat' dir='ltr'>predictorum,</span> <span class='ocrx_word' id='word_1_323' title='bbox 1256 3705 1395 3789; x_wconf 89' lang='lat' dir='ltr'>sigillum</span> <span class='ocrx_word' id='word_1_324' title='bbox 1426 3711 1574 3772; x_wconf 90' lang='lat' dir='ltr'>nostrum</span> <span class='ocrx_word' id='word_1_325' title='bbox 1605 3707 1813 3788; x_wconf 86' lang='lat' dir='ltr'>presentibus</span> <span class='ocrx_word' id='word_1_326' title='bbox 1844 3711 2053 3792; x_wconf 90' lang='lat' dir='ltr'>appendisse.</span> 
     </span>
     <span class='ocr_line' id='line_1_32' title="bbox 399 3811 1600 3896; baseline -0.001 -16"><span class='ocrx_word' id='word_1_327' title='bbox 399 3814 522 3881; x_wconf 91' lang='lat' dir='ltr'>Datum</span> <span class='ocrx_word' id='word_1_328' title='bbox 545 3835 632 3882; x_wconf 88' lang='lat' dir='ltr'>anno</span> <span class='ocrx_word' id='word_1_329' title='bbox 657 3813 777 3881; x_wconf 90' lang='lat' dir='ltr'>domini</span> <span class='ocrx_word' id='word_1_330' title='bbox 799 3815 839 3880; x_wconf 86' lang='lat' dir='ltr'>rb.</span> <span class='ocrx_word' id='word_1_331' title='bbox 863 3812 928 3880; x_wconf 77' lang='lat' dir='ltr'>cci.</span> <span class='ocrx_word' id='word_1_332' title='bbox 950 3813 1090 3896; x_wconf 72' lang='lat' dir='ltr'>xxm,</span> <span class='ocrx_word' id='word_1_333' title='bbox 1115 3813 1225 3881; x_wconf 90' lang='lat' dir='ltr'>XVII.</span> <span class='ocrx_word' id='word_1_334' title='bbox 1248 3812 1407 3880; x_wconf 86' lang='lat' dir='ltr'>kalendas</span> <span class='ocrx_word' id='word_1_335' title='bbox 1431 3811 1600 3881; x_wconf 86' lang='lat' dir='ltr'>februarii.</span> 
     </span>
    </p>
   </div>
   <div class='ocr_carea' id='block_1_6' title="bbox 614 3954 2057 4116">
    <p class='ocr_par' dir='ltr' id='par_1_8' title="bbox 614 3954 2057 4116">
     <span class='ocr_line' id='line_1_33' title="bbox 614 3954 2057 4026; baseline 0.001 -15"><span class='ocrx_word' id='word_1_336' title='bbox 614 3955 659 4011; x_wconf 83' lang='lat' dir='ltr'>Or.</span> <span class='ocrx_word' id='word_1_337' title='bbox 672 3957 761 4026; x_wconf 79' lang='lat' dir='ltr'>Ppmt.</span> <span class='ocrx_word' id='word_1_338' title='bbox 806 3957 891 4010; x_wconf 77' lang='lat' dir='ltr'>Betae</span> <span class='ocrx_word' id='word_1_339' title='bbox 916 3956 1112 4026; x_wconf 66' lang='lat' dir='ltr'>obtruncandos</span> <span class='ocrx_word' id='word_1_340' title='bbox 1131 3956 1218 4025; x_wconf 78' lang='lat' dir='ltr'>Siepel</span> <span class='ocrx_word' id='word_1_341' title='bbox 1241 3955 1306 4008; x_wconf 82' lang='lat' dir='ltr'>siud</span> <span class='ocrx_word' id='word_1_342' title='bbox 1329 3955 1406 4010; x_wconf 84' lang='lat' dir='ltr'>etcrlt</span> <span class='ocrx_word' id='word_1_343' title='bbox 1433 3955 1594 4024; x_wconf 75' lang='lat' dir='ltr'>besclcddipt.</span> <span class='ocrx_word' id='word_1_344' title='bbox 1637 3954 1677 4009; x_wconf 79' lang='lat' dir='ltr'>Se.</span> <span class='ocrx_word' id='word_1_345' title='bbox 1698 3955 1732 4008; x_wconf 78' lang='lat' dir='ltr'>A.</span> <span class='ocrx_word' id='word_1_346' title='bbox 1753 3955 1804 4010; x_wconf 74' lang='lat' dir='ltr'>nr.</span> <span class='ocrx_word' id='word_1_347' title='bbox 1842 3957 2057 4025; x_wconf 70' lang='lat' dir='ltr'>Leoobordetitt</span> 
     </span>
     <span class='ocr_line' id='line_1_34' title="bbox 664 4042 1945 4116; baseline 0.002 -18"><span class='ocrx_word' id='word_1_348' title='bbox 664 4045 718 4098; x_wconf 87' lang='lat' dir='ltr'>No.</span> <span class='ocrx_word' id='word_1_349' title='bbox 732 4049 774 4099; x_wconf 84' lang='lat'>15.</span> <span class='ocrx_word' id='word_1_350' title='bbox 812 4045 885 4098; x_wconf 81' lang='lat' dir='ltr'>Eine</span> <span class='ocrx_word' id='word_1_351' title='bbox 905 4046 998 4100; x_wconf 69' lang='lat' dir='ltr'>ammte</span> <span class='ocrx_word' id='word_1_352' title='bbox 1016 4045 1217 4114; x_wconf 75' lang='lat' dir='ltr'>Auefertigrmp</span> <span class='ocrx_word' id='word_1_353' title='bbox 1236 4045 1272 4098; x_wconf 84' lang='lat' dir='ltr'>iet</span> <span class='ocrx_word' id='word_1_354' title='bbox 1290 4042 1502 4108; x_wconf 73' lang='lat' dir='ltr'>Leoobordste&#39;ft</span> <span class='ocrx_word' id='word_1_355' title='bbox 1521 4043 1574 4096; x_wconf 88' lang='lat' dir='ltr'>No.</span> <span class='ocrx_word' id='word_1_356' title='bbox 1591 4047 1630 4098; x_wconf 85' lang='lat'>16.</span> <span class='ocrx_word' id='word_1_357' title='bbox 1668 4043 1725 4098; x_wconf 84' lang='lat' dir='ltr'>Die</span> <span class='ocrx_word' id='word_1_358' title='bbox 1742 4042 1830 4116; x_wconf 69' lang='lat' dir='ltr'>supa</span> <span class='ocrx_word' id='word_1_359' title='bbox 1847 4045 1945 4110; x_wconf 72' lang='lat' dir='ltr'>sabico.</span> 
     </span>
    </p>
   </div>
   <div class='ocr_carea' id='block_1_7' title="bbox 397 4347 2054 4548">
    <p class='ocr_par' dir='ltr' id='par_1_9' title="bbox 397 4347 2054 4548">
     <span class='ocr_line' id='line_1_35' title="bbox 397 4347 2054 4437; baseline 0.001 -13"><span class='ocrx_word' id='word_1_360' title='bbox 397 4347 489 4424; x_wconf 76' lang='grc'><strong>291.</strong></span> <span class='ocrx_word' id='word_1_361' title='bbox 514 4355 588 4422; x_wconf 86' lang='lat' dir='ltr'>Das</span> <span class='ocrx_word' id='word_1_362' title='bbox 618 4355 887 4437; x_wconf 79' lang='lat' dir='ltr'>Liebfrouenstift</span> <span class='ocrx_word' id='word_1_363' title='bbox 916 4361 950 4421; x_wconf 81' lang='lat' dir='ltr'>e&#39;n</span> <span class='ocrx_word' id='word_1_364' title='bbox 980 4355 1165 4437; x_wconf 74' lang='lat' dir='ltr'>Fraolrsmt</span> <span class='ocrx_word' id='word_1_365' title='bbox 1195 4357 1399 4434; x_wconf 78' lang='lat' dir='ltr'>beorkuudet,</span> <span class='ocrx_word' id='word_1_366' title='bbox 1430 4355 1507 4420; x_wconf 83' lang='lat' dir='ltr'>dass</span> <span class='ocrx_word' id='word_1_367' title='bbox 1536 4354 1738 4437; x_wconf 69' lang='lat' dir='ltr'>Kaisariou,</span> <span class='ocrx_word' id='word_1_368' title='bbox 1770 4357 1821 4422; x_wconf 82' lang='lat' dir='ltr'>die</span> <span class='ocrx_word' id='word_1_369' title='bbox 1847 4357 1969 4424; x_wconf 76' lang='lat' dir='ltr'>thtwe</span> <span class='ocrx_word' id='word_1_370' title='bbox 1997 4361 2054 4426; x_wconf 84' lang='lat' dir='ltr'>des</span> 
     </span>
     <span class='ocr_line' id='line_1_36' title="bbox 510 4461 2054 4548; baseline 0.003 -20"><span class='ocrx_word' id='word_1_371' title='bbox 510 4463 611 4548; x_wconf 77' lang='lat' dir='ltr'>Wipel</span> <span class='ocrx_word' id='word_1_372' title='bbox 634 4485 694 4528; x_wconf 80' lang='lat' dir='ltr'>ooo</span> <span class='ocrx_word' id='word_1_373' title='bbox 716 4463 902 4542; x_wconf 82' lang='lat' dir='ltr'>Wooebcclr,</span> <span class='ocrx_word' id='word_1_374' title='bbox 927 4465 993 4527; x_wconf 78' lang='lat' dir='ltr'>aad</span> <span class='ocrx_word' id='word_1_375' title='bbox 1017 4463 1166 4527; x_wconf 82' lang='lat' dir='ltr'>Albrecbt</span> <span class='ocrx_word' id='word_1_376' title='bbox 1189 4462 1252 4542; x_wconf 79' lang='lat' dir='ltr'>auf</span> <span class='ocrx_word' id='word_1_377' title='bbox 1272 4463 1329 4527; x_wconf 85' lang='lat' dir='ltr'>der</span> <span class='ocrx_word' id='word_1_378' title='bbox 1352 4461 1498 4544; x_wconf 80' lang='lat' dir='ltr'>Hofsloti</span> <span class='ocrx_word' id='word_1_379' title='bbox 1521 4466 1586 4527; x_wconf 73' lang='lat' dir='ltr'>ciem</span> <span class='ocrx_word' id='word_1_380' title='bbox 1605 4462 1732 4529; x_wconf 66' lang='lat' dir='ltr'>Vitare</span> <span class='ocrx_word' id='word_1_381' title='bbox 1754 4467 1788 4528; x_wconf 81' lang='lat' dir='ltr'>io</span> <span class='ocrx_word' id='word_1_382' title='bbox 1810 4465 1913 4530; x_wconf 82' lang='lat' dir='ltr'>dieser</span> <span class='ocrx_word' id='word_1_383' title='bbox 1929 4465 2054 4532; x_wconf 81' lang='lat' dir='ltr'>Kirclte</span> 
     </span>
    </p>
   </div>
   <div class='ocr_carea' id='block_1_8' title="bbox 514 4569 2054 4760">
    <p class='ocr_par' dir='ltr' id='par_1_10' title="bbox 514 4569 2054 4760">
     <span class='ocr_line' id='line_1_37' title="bbox 514 4569 2054 4658; baseline 0.003 -24"><span class='ocrx_word' id='word_1_384' title='bbox 514 4571 652 4654; x_wconf 74' lang='lat' dir='ltr'>pestiftet</span> <span class='ocrx_word' id='word_1_385' title='bbox 686 4571 752 4634; x_wconf 77' lang='lat' dir='ltr'>uoci</span> <span class='ocrx_word' id='word_1_386' title='bbox 787 4571 882 4636; x_wconf 78' lang='lat' dir='ltr'>dativi</span> <span class='ocrx_word' id='word_1_387' title='bbox 911 4571 1026 4648; x_wconf 76' lang='lat' dir='ltr'>bobert,</span> <span class='ocrx_word' id='word_1_388' title='bbox 1058 4571 1152 4634; x_wconf 81' lang='lat' dir='ltr'>deren</span> <span class='ocrx_word' id='word_1_389' title='bbox 1176 4569 1363 4654; x_wconf 73' lang='lat' dir='ltr'>Verpeboop</span> <span class='ocrx_word' id='word_1_390' title='bbox 1393 4575 1483 4633; x_wconf 75' lang='lat' dir='ltr'>center</span> <span class='ocrx_word' id='word_1_391' title='bbox 1513 4571 1581 4635; x_wconf 80' lang='lat' dir='ltr'>bier</span> <span class='ocrx_word' id='word_1_392' title='bbox 1609 4576 1785 4654; x_wconf 67' lang='lat' dir='ltr'>patanae</span> <span class='ocrx_word' id='word_1_393' title='bbox 1816 4571 2054 4658; x_wconf 76' lang='lat' dir='ltr'>Bodioponpem</span> 
     </span>
     <span class='ocr_line' id='line_1_38' title="bbox 515 4676 1131 4760; baseline 0.002 -21"><span class='ocrx_word' id='word_1_394' title='bbox 515 4676 657 4760; x_wconf 75' lang='lat' dir='ltr'>erfolpeo</span> <span class='ocrx_word' id='word_1_395' title='bbox 679 4677 748 4742; x_wconf 83' lang='lat' dir='ltr'>soll.</span> <span class='ocrx_word' id='word_1_396' title='bbox 796 4678 884 4742; x_wconf 81' lang='lat'><em>1326</em></span> <span class='ocrx_word' id='word_1_397' title='bbox 906 4676 1056 4742; x_wconf 83' lang='lat' dir='ltr'>Februcr</span> <span class='ocrx_word' id='word_1_398' title='bbox 1081 4681 1131 4741; x_wconf 78' lang='lat'>12,</span> 
     </span>
    </p>
   </div>
   <div class='ocr_carea' id='block_1_9' title="bbox 394 4816 2052 5646">
    <p class='ocr_par' dir='ltr' id='par_1_11' title="bbox 394 4816 2052 5646">
     <span class='ocr_line' id='line_1_39' title="bbox 504 4816 2052 4900; baseline 0.005 -19"><span class='ocrx_word' id='word_1_399' title='bbox 504 4816 657 4883; x_wconf 90' lang='lat' dir='ltr'>Decanus</span> <span class='ocrx_word' id='word_1_400' title='bbox 674 4825 843 4900; x_wconf 90' lang='lat' dir='ltr'>totumque</span> <span class='ocrx_word' id='word_1_401' title='bbox 860 4818 1040 4900; x_wconf 90' lang='lat' dir='ltr'>capitulum</span> <span class='ocrx_word' id='word_1_402' title='bbox 1056 4817 1193 4884; x_wconf 91' lang='lat' dir='ltr'>ecclesie</span> <span class='ocrx_word' id='word_1_403' title='bbox 1209 4816 1328 4886; x_wconf 92' lang='lat' dir='ltr'>montis</span> <span class='ocrx_word' id='word_1_404' title='bbox 1346 4825 1461 4883; x_wconf 90' lang='lat' dir='ltr'>sancte</span> <span class='ocrx_word' id='word_1_405' title='bbox 1477 4818 1582 4884; x_wconf 89' lang='lat' dir='ltr'>Maria</span> <span class='ocrx_word' id='word_1_406' title='bbox 1599 4817 1633 4884; x_wconf 92' lang='lat' dir='ltr'>in</span> <span class='ocrx_word' id='word_1_407' title='bbox 1649 4817 1893 4886; x_wconf 84' lang='lat' dir='ltr'>Franlrenlord.</span> <span class='ocrx_word' id='word_1_408' title='bbox 1923 4820 2052 4888; x_wconf 81' lang='lat' dir='ltr'>Terrore</span> 
     </span>
     <span class='ocr_line' id='line_1_40' title="bbox 397 4923 2051 5010; baseline 0.003 -22"><span class='ocrx_word' id='word_1_409' title='bbox 397 4923 601 5004; x_wconf 89' lang='lat' dir='ltr'>presencium</span> <span class='ocrx_word' id='word_1_410' title='bbox 632 4925 905 5008; x_wconf 88' lang='lat' dir='ltr'>recognoscimus,</span> <span class='ocrx_word' id='word_1_411' title='bbox 930 4927 1026 5006; x_wconf 87' lang='lat' dir='ltr'>quod,</span> <span class='ocrx_word' id='word_1_412' title='bbox 1051 4944 1124 4990; x_wconf 91' lang='lat' dir='ltr'>cum</span> <span class='ocrx_word' id='word_1_413' title='bbox 1152 4925 1294 4990; x_wconf 88' lang='lat' dir='ltr'>honesta</span> <span class='ocrx_word' id='word_1_414' title='bbox 1322 4925 1506 5010; x_wconf 75' lang='lat' dir='ltr'>malltrona</span> <span class='ocrx_word' id='word_1_415' title='bbox 1528 4925 1721 5006; x_wconf 90' lang='lat' dir='ltr'>Katberina,</span> <span class='ocrx_word' id='word_1_416' title='bbox 1747 4925 1863 4992; x_wconf 88' lang='lat' dir='ltr'>relicta</span> <span class='ocrx_word' id='word_1_417' title='bbox 1888 4930 2051 5007; x_wconf 88' lang='lat' dir='ltr'>quondam</span> 
     </span>
     <span class='ocr_line' id='line_1_41' title="bbox 396 5029 2052 5113; baseline 0.004 -20"><span class='ocrx_word' id='word_1_418' title='bbox 396 5029 576 5112; x_wconf 88' lang='lat' dir='ltr'>Wigelonis</span> <span class='ocrx_word' id='word_1_419' title='bbox 606 5033 646 5096; x_wconf 90' lang='lat' dir='ltr'>de</span> <span class='ocrx_word' id='word_1_420' title='bbox 662 5031 863 5112; x_wconf 88' lang='lat' dir='ltr'>Wanebahc,</span> <span class='ocrx_word' id='word_1_421' title='bbox 889 5031 1025 5098; x_wconf 90' lang='lat' dir='ltr'>ecclesie</span> <span class='ocrx_word' id='word_1_422' title='bbox 1055 5037 1167 5096; x_wconf 88' lang='lat' dir='ltr'>nostre</span> <span class='ocrx_word' id='word_1_423' title='bbox 1200 5031 1348 5112; x_wconf 90' lang='lat' dir='ltr'>predicte</span> <span class='ocrx_word' id='word_1_424' title='bbox 1380 5038 1530 5113; x_wconf 86' lang='lat' dir='ltr'>patrona,</span> <span class='ocrx_word' id='word_1_425' title='bbox 1557 5040 1590 5097; x_wconf 88' lang='lat' dir='ltr'>et</span> <span class='ocrx_word' id='word_1_426' title='bbox 1621 5032 1786 5104; x_wconf 89' lang='lat' dir='ltr'>discretus</span> <span class='ocrx_word' id='word_1_427' title='bbox 1816 5031 1868 5100; x_wconf 93' lang='lat' dir='ltr'>vir</span> <span class='ocrx_word' id='word_1_428' title='bbox 1891 5033 2052 5100; x_wconf 87' lang='lat' dir='ltr'>Albertus</span> 
     </span>
     <span class='ocr_line' id='line_1_42' title="bbox 396 5134 2051 5221; baseline 0.004 -21"><span class='ocrx_word' id='word_1_429' title='bbox 396 5135 503 5201; x_wconf 90' lang='lat' dir='ltr'>dictus</span> <span class='ocrx_word' id='word_1_430' title='bbox 537 5134 574 5201; x_wconf 87' lang='lat' dir='ltr'>ul</span> <span class='ocrx_word' id='word_1_431' title='bbox 608 5138 667 5203; x_wconf 93' lang='lat' dir='ltr'>der</span> <span class='ocrx_word' id='word_1_432' title='bbox 700 5135 875 5220; x_wconf 86' lang='lat' dir='ltr'>Hofestad,</span> <span class='ocrx_word' id='word_1_433' title='bbox 903 5137 929 5220; x_wconf 75' lang='lat' dir='ltr'>ll</span> <span class='ocrx_word' id='word_1_434' title='bbox 956 5137 1045 5204; x_wconf 88' lang='lat' dir='ltr'>cives</span> <span class='ocrx_word' id='word_1_435' title='bbox 1081 5135 1420 5218; x_wconf 82' lang='lat' dir='ltr'>Frankenlordenses,</span> <span class='ocrx_word' id='word_1_436' title='bbox 1457 5140 1497 5204; x_wconf 93' lang='lat' dir='ltr'>de</span> <span class='ocrx_word' id='word_1_437' title='bbox 1531 5138 1627 5204; x_wconf 88' lang='lat' dir='ltr'>bonis</span> <span class='ocrx_word' id='word_1_438' title='bbox 1662 5138 1729 5204; x_wconf 87' lang='lat' dir='ltr'>suis</span> <span class='ocrx_word' id='word_1_439' title='bbox 1765 5137 2051 5221; x_wconf 84' lang='lat' dir='ltr'>patrimonialibus</span> 
     </span>
     <span class='ocr_line' id='line_1_43' title="bbox 394 5241 2050 5325; baseline 0.004 -20"><span class='ocrx_word' id='word_1_440' title='bbox 394 5241 552 5307; x_wconf 86' lang='lat' dir='ltr'>vicariam</span> <span class='ocrx_word' id='word_1_441' title='bbox 576 5242 610 5308; x_wconf 91' lang='lat' dir='ltr'>in</span> <span class='ocrx_word' id='word_1_442' title='bbox 634 5243 775 5310; x_wconf 88' lang='lat' dir='ltr'>ecclesia</span> <span class='ocrx_word' id='word_1_443' title='bbox 797 5251 914 5310; x_wconf 90' lang='lat' dir='ltr'>nostra</span> <span class='ocrx_word' id='word_1_444' title='bbox 937 5243 1097 5325; x_wconf 91' lang='lat' dir='ltr'>predicta,</span> <span class='ocrx_word' id='word_1_445' title='bbox 1123 5250 1197 5310; x_wconf 89' lang='lat' dir='ltr'>octo</span> <span class='ocrx_word' id='word_1_446' title='bbox 1221 5263 1407 5310; x_wconf 91' lang='lat' dir='ltr'>marcarum</span> <span class='ocrx_word' id='word_1_447' title='bbox 1431 5263 1503 5310; x_wconf 93' lang='lat' dir='ltr'>cum</span> <span class='ocrx_word' id='word_1_448' title='bbox 1526 5243 1659 5310; x_wconf 90' lang='lat' dir='ltr'>dimidia</span> <span class='ocrx_word' id='word_1_449' title='bbox 1674 5245 1708 5310; x_wconf 92' lang='lat' dir='ltr'>in</span> <span class='ocrx_word' id='word_1_450' title='bbox 1725 5244 1908 5311; x_wconf 91' lang='lat' dir='ltr'>redditibus</span> <span class='ocrx_word' id='word_1_451' title='bbox 1925 5252 1959 5311; x_wconf 92' lang='lat' dir='ltr'>et</span> <span class='ocrx_word' id='word_1_452' title='bbox 1976 5251 2050 5312; x_wconf 91' lang='lat' dir='ltr'>octo</span> 
     </span>
     <span class='ocr_line' id='line_1_44' title="bbox 395 5346 2051 5434; baseline 0.004 -22"><span class='ocrx_word' id='word_1_453' title='bbox 395 5346 550 5414; x_wconf 90' lang='lat' dir='ltr'>octalium</span> <span class='ocrx_word' id='word_1_454' title='bbox 567 5349 594 5434; x_wconf 72' lang='lat' dir='ltr'>ll</span> <span class='ocrx_word' id='word_1_455' title='bbox 611 5348 750 5433; x_wconf 86' lang='lat' dir='ltr'>siliginis</span> <span class='ocrx_word' id='word_1_456' title='bbox 781 5369 889 5416; x_wconf 91' lang='lat' dir='ltr'>annue</span> <span class='ocrx_word' id='word_1_457' title='bbox 919 5348 1087 5433; x_wconf 89' lang='lat' dir='ltr'>pensionis</span> <span class='ocrx_word' id='word_1_458' title='bbox 1119 5350 1348 5433; x_wconf 88' lang='lat' dir='ltr'>continentem,</span> <span class='ocrx_word' id='word_1_459' title='bbox 1380 5350 1603 5417; x_wconf 90' lang='lat' dir='ltr'>instituissent</span> <span class='ocrx_word' id='word_1_460' title='bbox 1634 5357 1666 5416; x_wconf 89' lang='lat' dir='ltr'>et</span> <span class='ocrx_word' id='word_1_461' title='bbox 1697 5353 1879 5432; x_wconf 88' lang='lat' dir='ltr'>dotassent,</span> <span class='ocrx_word' id='word_1_462' title='bbox 1912 5355 2051 5419; x_wconf 88' lang='lat' dir='ltr'>eandem</span> 
     </span>
     <span class='ocr_line' id='line_1_45' title="bbox 394 5445 2052 5540; baseline 0.002 -19"><span class='ocrx_word' id='word_1_463' title='bbox 394 5452 554 5521; x_wconf 83' lang='lat' dir='ltr'>vicariam</span> <span class='ocrx_word' id='word_1_464' title='bbox 576 5455 783 5522; x_wconf 90' lang='lat' dir='ltr'>Hartmanno</span> <span class='ocrx_word' id='word_1_465' title='bbox 807 5456 984 5538; x_wconf 88' lang='lat' dir='ltr'>sacerdoti,</span> <span class='ocrx_word' id='word_1_466' title='bbox 1010 5463 1151 5540; x_wconf 91' lang='lat' dir='ltr'>cognato</span> <span class='ocrx_word' id='word_1_467' title='bbox 1174 5454 1300 5537; x_wconf 86' lang='lat' dir='ltr'>prelati</span> <span class='ocrx_word' id='word_1_468' title='bbox 1315 5457 1454 5539; x_wconf 87' lang='lat' dir='ltr'>Alberti,</span> <span class='ocrx_word' id='word_1_469' title='bbox 1481 5457 1699 5538; x_wconf 89' lang='lat' dir='ltr'>contulerunt,</span> <span class='ocrx_word' id='word_1_470' title='bbox 1724 5445 1892 5524; x_wconf 88' lang='lat' dir='ltr'>humiliter</span> <span class='ocrx_word' id='word_1_471' title='bbox 1912 5467 2052 5540; x_wconf 89' lang='lat' dir='ltr'>propter</span> 
     </span>
     <span class='ocr_line' id='line_1_46' title="bbox 395 5561 2051 5646; baseline 0.004 -22"><span class='ocrx_word' id='word_1_472' title='bbox 395 5562 499 5644; x_wconf 90' lang='lat' dir='ltr'>deum,</span> <span class='ocrx_word' id='word_1_473' title='bbox 525 5561 717 5630; x_wconf 88' lang='lat' dir='ltr'>ordinantes</span> <span class='ocrx_word' id='word_1_474' title='bbox 739 5569 774 5630; x_wconf 91' lang='lat' dir='ltr'>et</span> <span class='ocrx_word' id='word_1_475' title='bbox 797 5568 983 5630; x_wconf 87' lang='lat' dir='ltr'>statuentes</span> <span class='ocrx_word' id='word_1_476' title='bbox 1007 5565 1047 5629; x_wconf 89' lang='lat' dir='ltr'>de</span> <span class='ocrx_word' id='word_1_477' title='bbox 1071 5573 1183 5630; x_wconf 90' lang='lat' dir='ltr'>nostro</span> <span class='ocrx_word' id='word_1_478' title='bbox 1199 5564 1351 5632; x_wconf 93' lang='lat' dir='ltr'>benivolo</span> <span class='ocrx_word' id='word_1_479' title='bbox 1368 5583 1538 5645; x_wconf 88' lang='lat' dir='ltr'>consensu,</span> <span class='ocrx_word' id='word_1_480' title='bbox 1565 5565 1649 5646; x_wconf 88' lang='lat' dir='ltr'>quod</span> <span class='ocrx_word' id='word_1_481' title='bbox 1667 5567 1706 5630; x_wconf 92' lang='lat' dir='ltr'>de</span> <span class='ocrx_word' id='word_1_482' title='bbox 1723 5563 1881 5646; x_wconf 89' lang='lat' dir='ltr'>predictis</span> <span class='ocrx_word' id='word_1_483' title='bbox 1896 5563 2051 5631; x_wconf 87' lang='lat' dir='ltr'>censibus</span> 
     </span>
    </p>
   </div>
   <div class='ocr_carea' id='block_1_10' title="bbox 665 5753 1990 5814">
    <p class='ocr_par' dir='ltr' id='par_1_12' title="bbox 665 5753 1990 5814">
     <span class='ocr_line' id='line_1_47' title="bbox 665 5753 1990 5814; baseline 0.001 -15"><span class='ocrx_word' id='word_1_484' title='bbox 665 5753 784 5800; x_wconf 69' lang='lat' dir='ltr'>uomere</span> <span class='ocrx_word' id='word_1_485' title='bbox 798 5755 826 5798; x_wconf 72' lang='lat' dir='ltr'>tn</span> <span class='ocrx_word' id='word_1_486' title='bbox 840 5755 938 5801; x_wconf 59' lang='lat' dir='ltr'>Noae:</span> <span class='ocrx_word' id='word_1_487' title='bbox 953 5757 977 5807; x_wconf 77' lang='lat' dir='ltr'>a)</span> <span class='ocrx_word' id='word_1_488' title='bbox 992 5755 1099 5809; x_wconf 73' lang='lat' dir='ltr'>,cumam</span> <span class='ocrx_word' id='word_1_489' title='bbox 1114 5756 1296 5800; x_wconf 68' lang='lat' dir='ltr'>mamertum.</span> <span class='ocrx_word' id='word_1_490' title='bbox 1324 5757 1348 5810; x_wconf 80' lang='lat' dir='ltr'>b)</span> <span class='ocrx_word' id='word_1_491' title='bbox 1365 5756 1405 5802; x_wconf 87' lang='lat' dir='ltr'>Or.</span> <span class='ocrx_word' id='word_1_492' title='bbox 1420 5756 1608 5812; x_wconf 58' lang='lat' dir='ltr'>,presentatum</span> <span class='ocrx_word' id='word_1_493' title='bbox 1636 5760 1658 5810; x_wconf 85' lang='lat' dir='ltr'>o)</span> <span class='ocrx_word' id='word_1_494' title='bbox 1673 5756 1800 5810; x_wconf 72' lang='lat' dir='ltr'>,eoeleste¹</span> <span class='ocrx_word' id='word_1_495' title='bbox 1812 5756 1883 5812; x_wconf 69' lang='lat' dir='ltr'>sebit.</span> <span class='ocrx_word' id='word_1_496' title='bbox 1983 5802 1990 5814; x_wconf 65' lang='lat'>‚</span> 
     </span>
    </p>
   </div>
   <div class='ocr_carea' id='block_1_11' title="bbox 0 0 2222 6404">
    <p class='ocr_par' dir='ltr' id='par_1_13' title="bbox 0 0 2222 6404">
     <span class='ocr_line' id='line_1_48' title="bbox 0 0 2222 6404; baseline 0 1"><span class='ocrx_word' id='word_1_497' title='bbox 0 0 2222 6404; x_wconf 95' lang='lat' dir='ltr'> </span> 
     </span>
    </p>
   </div>
  </div>
 </body>
</html>
