4436 6404
390 327 455 391 190
1102 326 1171 379 1324
1190 325 1266 380 ura
1285 326 1327 380 20.
1455 309 1460 326 '

389 524 432 586 ad
455 520 649 588 solutionem
664 521 764 588 trium
781 522 934 589 octalium
951 522 1090 604 siliginis
1106 529 1267 591 teneatur.
1316 525 1389 608 Qua
1404 542 1483 591 vero
1499 524 1598 590 Jntta
1614 521 1781 604 defuncta,
1805 523 1890 590 idem
1906 544 2042 590 mansus

389 646 462 694 cum
485 628 688 711 proprietate
707 636 753 702 ¹et
781 629 852 696 inre
881 629 985 712 ipsius
1008 630 1114 696 mansi
1138 633 1179 696 ad
1203 650 1318 696 manus
1343 638 1376 696 et
1400 637 1598 713 potestatem
1623 631 1845 712 predictorum
1869 636 1984 697 domus
2009 639 2043 697 et

387 734 579 802 monasterii
613 735 815 803 dominorum
850 736 1011 818 equaliter
1046 736 1222 804 dividendo
1258 737 1408 804 totaliter
1436 743 1641 820 revertetur,
1673 738 1723 804 ita
1751 745 1789 804 ut
1820 739 2043 821 prenominati

387 841 518 908 Alberti
547 849 582 908 et
610 824 722 926 Jntte',
759 862 817 909 sne
847 843 929 925 filie,
966 841 1195 910 detunctorum
1224 863 1314 910 more
1345 843 1441 910 solito
1473 843 1610 928 singulis
1642 844 1737 911 annis
1768 865 1788 911 a
1818 845 2042 926 predictorum

388 951 501 1014 domus
532 955 564 1015 et
595 950 789 1017 monasterii
818 948 980 1016 iratribus
1010 969 1069 1017 seu
1100 951 1237 1018 dominis
1267 951 1423 1018 memoria
1452 951 1594 1018 fideliter
1624 959 1783 1033 perpetuo
1807 952 1982 1034 habeatur,
2008 960 2043 1018 et

388 1061 467 1120 tunc
491 1056 652 1138 sepedicti
673 1060 787 1124 domus
811 1063 845 1124 et
867 1057 1059 1134 monasterii
1083 1058 1204 1124 domini
1226 1060 1267 1125 de
1292 1058 1455 1141 prelibato
1478 1077 1593 1124 manso
1617 1057 1791 1141 disponere
1808 1065 1965 1142 poterunt
1982 1079 2042 1140 pro

388 1181 445 1228 sue
474 1162 570 1228 libitu
599 1163 780 1230 voluntatis
808 1167 982 1230 dumtaxat
1004 1165 1065 1230 deo
1089 1165 1252 1234 dedicata.
1299 1165 1397 1232 Facti
1420 1184 1547 1248 quoque
1571 1163 1667 1231 huius
1691 1172 1862 1248 presentes
1885 1165 2040 1232 luerunt:

387 1267 597 1336 Reinhardus
621 1270 729 1337 iunior
753 1275 786 1336 et
805 1270 957 1352 Ruricus,
982 1271 1133 1338 canonici
1155 1272 1291 1339 ecclesie
1316 1273 1424 1339 sancti
1439 1265 1663 1339 Bartholomei
1686 1273 1845 1356 predicte,
1863 1274 2042 1340 Vulmarus

387 1375 540 1458 trapirer,
553 1377 743 1444 Wintherus
759 1380 799 1444 de
811 1377 1070 1462 Breungisheim
1096 1379 1216 1446 domini
1232 1382 1345 1447 domus
1363 1380 1562 1462 supradicte,
1571 1379 1780 1446 Wideruldus
1799 1381 2041 1462 etWaltherus

387 1481 511 1549 fratres
541 1485 733 1550 monasterii
762 1486 942 1552 memorati.
989 1486 1030 1552 In
1060 1507 1196 1568 quorum
1228 1487 1447 1554 testimonium
1479 1494 1650 1570 presentes
1674 1487 1821 1553 dedimus
1843 1486 1977 1554 litteras
1995 1471 2042 1554 'de

388 1608 548 1656 consensu
579 1592 722 1672 partium
752 1592 858 1658 nostri
888 1591 988 1675 sigili
1016 1593 1193 1660 munimine
1223 1597 1407 1661 roboratas.
1456 1595 1579 1660 Datum
1609 1614 1695 1659 anno
1727 1593 1847 1660 domini
1870 1594 2042 1661 millesimo

387 1696 609 1763 tricentesimo
633 1698 789 1766 vicesimo
813 1704 941 1781 quarto,
967 1699 1090 1766 decimo
1115 1706 1208 1766 sexto
1232 1701 1393 1768 kalendas
1416 1700 1537 1766 martii.

599 1859 743 1925 Abeebrift
760 1861 807 1914 dee
825 1864 868 1915 16.
878 1859 1082 1914 Jabrbcndern
1100 1862 1137 1914 tm
1151 1861 1639 1919 maeatarum-Dotemmrenmet
1652 1860 1726 1926 d32.
1753 1859 1990 1930 mesiaeque.
2006 1891 2041 1898 —

601 1949 933 2106 θεάἶῖηΚῗΞῙιιῖηνῗεῖον,
952 2037 1087 2092 Analecta
1098 2039 1247 2105 Heseicra,
1261 2038 1346 2106 VIII,
1365 2043 1419 2094 305
1431 2040 1502 2094 narb
1516 2040 1600 2094 anem
1613 2038 1743 2094 Heiuoer
1756 2038 1939 2108 Koptclbueb,
1951 2038 1990 2093 St.
2003 2040 2041 2092 Δ.

600 2127 977 2287 Εποᾜιῗνῇἰιάενηιαμν,
997 2217 1057 2285 154,
1074 2218 1145 2272 need
1163 2217 1221 2271 dem
1240 2217 1617 2294 mummuleno-Scottum.

386 2698 477 2776 245.
504 2709 697 2774 Sohaemus
726 2708 907 2794 Burpbcrd
936 2708 1136 2787 Riothamo,
1167 2710 1313 2791 Scbdfferr
1343 2709 1409 2774 uno
1431 2709 1519 2775 Raro
1547 2731 1589 2773 eu
1615 2708 1646 2772 F
1645 2708 1798 2791 raniefrot
1828 2711 2040 2788 beurkunden,

502 2816 580 2881 eicos
602 2816 720 2883 Walter
748 2838 790 2880 eu
812 2815 1010 2881 Loweueem
1040 2817 1106 2881 und
1136 2821 1219 2882 scine
1242 2815 1337 2882 Frate
1361 2823 1380 2881 1
1405 2816 1505 2882 Mart
1530 2815 1609 2881 Zims
1640 2837 1699 2881 oon
1723 2823 1743 2880 4
1768 2816 1940 2882 Hduscben
1971 2819 2040 2882 und

503 2927 601 2988 einen
617 2923 691 3006 Hos
711 2945 755 2989 on
777 2923 833 2988 der
848 2923 1056 3006 Lb'berpforte
1079 2945 1121 2988 cn
1138 2923 1292 2989 Auertere
1314 2945 1388 2988 eum
1403 2924 1557 2989 Rebstccb
1569 2922 1728 3005 eerlcouft
1749 2924 1850 2990 baben
1873 2925 1940 2988 und
1962 2925 2041 2990 dces

503 3030 658 3096 Adeibee'd
677 3031 737 3095 dee
755 3029 834 3095 Zias
849 3051 893 3096 oo
907 3031 968 3096 das
984 3029 1366 3116 Heilip-Getst·Hospitcl
1381 3052 1441 3095 eur
1456 3032 1614 3116 Spcisunp
1631 3052 1691 3094 coo
1706 3030 1862 3097 Kramken
1876 3032 2042 3116 pesrizenltt

504 3138 592 3202 bobo.
639 3141 726 3202 1324
750 3137 850 3202 Mdre
871 3135 941 3202 20.l

492 3297 560 3364 Nos
583 3297 799 3380 Burghardus
822 3296 1016 3363 Binthamer
1045 3297 1147 3378 miles,
1173 3297 1343 3378 scultetus,
1371 3349 1403 3362 ..
1429 3297 1556 3364 scabini
1578 3303 1613 3364 et
1638 3350 1670 3364 ..
1696 3299 1843 3364 consules
1867 3299 2042 3364 Franken-

385 3407 565 3472 verdenses
596 3403 804 3486 presentibus
834 3403 964 3485 publice
995 3405 1224 3491 profilltemur,
1250 3403 1411 3470 discretos
1440 3404 1594 3488 coniuges
1610 3405 1816 3470 Waltherum
1839 3403 1879 3472 zir
1902 3405 2041 3472 Lewen-

369 3512 473 3604 ¹stein
496 3518 531 3578 et
545 3511 719 3594 Elyzabet,
743 3529 877 3576 uxorem
898 3529 989 3577 suam
1005 3511 1211 3596 legittimam,
1237 3518 1368 3578 nostros
1385 3512 1460 3594 con!
1464 3511 1577 3597 solves,
1603 3532 1714 3579 coram
1729 3513 1824 3580 nobis
1841 3513 2040 3580 constitutos

386 3619 515 3702 publice
545 3617 810 3702 recongnovisse‚
843 3637 877 3684 sc
907 3617 1096 3684 vendidisse
1124 3617 1212 3684 iusto
1243 3617 1445 3698 vendicionis
1476 3619 1572 3685 titulo
1603 3639 1702 3686 unam
1732 3619 1908 3706 marsicam
1939 3621 2041 3686 annui

387 3746 504 3793 census
529 3745 628 3808 super
651 3733 793 3807 quatuor
816 3724 1019 3792 domunculis
1043 3744 1114 3792 cum
1139 3725 1231 3792 ouria
1254 3726 1440 3808 adiacente,
1466 3725 1539 3792 sitis
1564 3746 1667 3810 prope
1690 3732 1820 3810 portam
1844 3729 2039 3809 cerdonum,

386 3853 448 3916 que
479 3836 642 3915 quondam
672 3831 807 3898 luerunt
830 3831 1012 3917 Nebelungi
1042 3833 1203 3916 cerdonis
1227 3833 1365 3900 honeste
1395 3837 1545 3900 matrone
1568 3832 1702 3900 Albeidi
1724 3833 1811 3900 dicte
1835 3833 1908 3901 edm
1932 3835 2041 3901 Rebe-

386 3943 516 4024 stocke,
541 3947 654 4007 nostre
685 3938 825 4020 concivi,
858 3958 917 4021 pro
948 3941 1060 4005 decem
1090 3946 1125 4006 et
1154 3947 1228 4006 octo
1259 3939 1378 4006 marcis
1410 3940 1617 4007 denariorum
1649 3941 1899 4024 coloniensium,
1932 3941 2041 4008 tribus

385 4047 587 4115 heliensibus
611 4066 670 4129 pro
695 4045 830 4113 denario
854 4045 1000 4126 quolibet
1023 4047 1231 4130 computatis
1256 4047 1290 4112 in
1315 4053 1457 4129 quatuor
1479 4046 1577 4113 lestis
1601 4055 1743 4129 quatuor
1767 4055 1949 4130 temporum
1966 4067 2041 4130 per-

385 4156 585 4236 solvendam,
611 4172 708 4235 quam
731 4152 860 4234 quidem
884 4153 1057 4236 pecuniam
1080 4153 1161 4219 dicti
1183 4156 1366 4222 vendentes
1390 4173 1411 4220 a
1434 4150 1568 4236 prelata
1591 4153 1723 4220 Alhetde
1745 4155 1780 4220 in
1803 4159 1925 4236 parate
1948 4161 1983 4219 et
2006 4153 2040 4218 in

385 4270 560 4330 numerata
583 4260 725 4344 pecunia
747 4266 1011 4344 recognoverunt
1035 4280 1069 4327 se
1094 4260 1258 4343 recepisse
1282 4267 1315 4326 et
1338 4260 1373 4326 in
1395 4279 1475 4326 usus
1499 4279 1575 4326 suos
1598 4260 1805 4328 necessarios
1824 4259 2038 4329 convertisse.

386 4373 456 4456 Quo
485 4369 618 4451 inquam
648 4387 762 4435 marca
792 4387 902 4434 eorem
925 4367 1019 4434 nobis
1042 4367 1178 4434 infirmis
1201 4367 1417 4450 inhospitali
1440 4367 1549 4434 sancti
1572 4367 1715 4450 Spiritus
1738 4366 1773 4433 in
1796 4369 2040 4436 Frankenvord

386 4497 445 4559 per
468 4476 648 4560 Alheidem,
672 4481 820 4548 nostram
844 4474 1010 4542 concivem
1027 4473 1218 4556 predictam,
1244 4476 1287 4539 ad
1303 4473 1515 4540 relectionem
1532 4481 1566 4540 et
1581 4474 1823 4541 reoreaoionem
1838 4473 2041 4540 infirmorum

386 4582 607 4666 predictorum
630 4582 694 4649 rite
718 4589 752 4648 et
774 4581 1019 4648 racionabiliter
1043 4588 1094 4648 est
1118 4584 1242 4648 donata
1266 4585 1300 4646 et
1314 4582 1438 4665 legata,
1464 4580 1511 4647 sic
1528 4584 1613 4662 quod
1629 4581 1817 4664 provisores
1834 4580 1915 4648 dicti
1930 4581 2040 4663 hospi-

386 4690 464 4757 talis
494 4690 529 4756 in
552 4689 697 4771 quolibet
719 4686 806 4756 festo
830 4693 971 4770 quatuor
995 4692 1177 4770 temporum
1201 4707 1317 4755 novem
1341 4687 1462 4754 solidos
1485 4688 1679 4754 hallensium
1703 4687 1875 4770 prelibatis
1890 4688 2039 4767 mfirmis,

386 4797 442 4879 qui
464 4816 523 4879 pro
548 4803 694 4878 tempore
717 4796 799 4862 inibi
821 4794 945 4862 fuerint
968 4795 1077 4877 positi,
1102 4814 1161 4877 pro
1186 4794 1319 4861 cibariis
1342 4794 1396 4861 vel
1419 4801 1498 4877 potu
1523 4799 1602 4861 dare
1626 4804 1660 4861 et
1676 4795 1845 4880 porrigere
1862 4797 2037 4862 debebunt.

386 4905 512 4972 Harum
543 4901 729 4970 testimonio
759 4901 938 4969 litterarum
968 4901 1111 4986 sigillum
1134 4901 1239 4968 maius
1264 4908 1377 4969 nostre
1400 4902 1629 4969 universitatis
1653 4902 1863 4984 presentibus
1887 4902 2038 4968 duximm

386 5014 646 5094 appendendum.
705 5010 826 5075 Datum
858 5028 943 5075 anno
974 5008 1093 5076 domini
1124 5008 1293 5075 millesimo
1325 5007 1556 5075 trecentesimo
1587 5007 1741 5076 vicesimo
1772 5015 1907 5090 quarto,
1940 4988 2037 5076 XIII.

385 5117 546 5184 kalendas
570 5115 693 5199 aprilis.

601 5275 646 5332 Or.
661 5276 750 5345 Ppmt.
788 5274 850 5332 Dae
874 5275 1038 5346 Stadtciepel
1046 5279 1087 5343 (2)
1106 5277 1192 5346 bdrrpt
1218 5276 1296 5330 leicbt
1321 5277 1429 5330 oerietet
1455 5294 1499 5330 an.
1538 5276 1576 5330 St.
1589 5278 1625 5330 Α.
1639 5275 1690 5330 Fr.
1705 5275 2040 5346 Bodotriam-Homilai

653 5367 690 5420 Η.
705 5363 766 5420 671².

361 5696 363 5702 ,
441 5642 524 5697 1Die
542 5661 594 5698 von
612 5644 656 5711 Β.,
683 5645 737 5698 473
760 5660 796 5696 eu
815 5645 886 5696 1324
904 5641 987 5696 Mdre
1006 5645 1023 5694 6
1040 5641 1184 5713 pedruckte

390 5731 519 5788 Urbemde
542 5733 637 5802 perure
661 5749 697 5786 eu
722 5734 792 5786 1334
811 5733 895 5785 Mdre
918 5735 943 5798 6,
970 5733 1020 5802 opt.
1040 5736 1125 5785 antea
1149 5748 1184 5784 eu

385 5823 482 5878 tieem
501 5823 613 5878 Datum.
