4436 6404
420 303 483 366 192
1132 302 1201 355 1324
1220 303 1296 355 nara
1315 304 1356 356 m.

417 497 451 562 in
482 517 583 562 causa
612 505 807 579 memorata,
840 498 945 578 petita
975 518 1102 580 quoque
1132 499 1345 566 restitucione
1374 501 1408 565 in
1438 500 1666 585 integrum'ex
1691 507 1786 584 parte
1810 501 1968 568 autricum
1995 521 2070 583 pre-

418 604 589 685 dictarum,
614 609 661 686 ut,
687 624 758 671 cum
782 608 822 670 ad
849 608 1038 687 probandas
1062 606 1274 688 ercepciones
1298 627 1337 673 ex
1362 614 1458 690 parte
1481 607 1625 690 ipsarum
1643 611 1829 692 propositas
1846 615 1962 676 contra
1979 610 2071 675 dicta

418 709 552 776 testium
575 717 609 776 et
624 731 783 794 personas
800 732 858 793 per
874 713 998 779 dictum
1015 714 1190 780 Gerlacum
1207 734 1305 796 super
1321 714 1574 796 excepcionibus
1590 716 1818 798 peremptoriis
1835 719 2070 798 productorum

417 836 482 883 non
506 815 629 883 luerint
654 817 794 884 admisse
818 825 851 884 et
875 839 914 884 ex
939 839 976 885 eo
1000 819 1149 902 graviter
1172 827 1282 887 essent
1307 821 1383 896 lese,
1408 822 1489 902 ipsis
1513 842 1572 905 per
1595 843 1655 890 nos
1670 824 1827 889 beneficio
1844 823 2070 889 restitucionis

416 923 450 990 in
480 924 643 1008 integrum
674 925 850 1008 succurri,l
883 925 969 992 dicto
994 927 1134 992 Gerlaco
1165 927 1199 992 in
1231 928 1430 994 contrarium
1455 930 1637 1013 allegante:
1670 929 1821 996 admissis
1844 930 1946 1014 igitur
1971 930 2070 995 dictis

418 1031 614 1113 actionibus,
639 1052 698 1114 per
720 1046 868 1099 nostram
891 1032 1171 1100 interlocutoriam
1195 1040 1326 1100 matura
1350 1035 1589 1102 deliberacione
1613 1037 1775 1120 digestam
1799 1040 1841 1104 ad
1864 1039 2070 1120 probandam

416 1138 571 1204 leSionem
601 1139 785 1206 huiusmodi
815 1159 855 1206 ex
885 1147 981 1222 parte
1011 1144 1188 1208 earundem
1219 1143 1409 1226 allegatam,
1443 1164 1507 1224 qua
1537 1146 1679 1227 probata
1709 1164 1768 1226 per
1797 1144 1903 1226 ipsas,
1936 1147 2069 1210 easdem

418 1244 623 1312 restituimus
647 1246 681 1312 in
704 1247 877 1330 integrum,
903 1251 945 1313 ad
969 1250 1157 1330 probandas
1182 1250 1396 1332 excepciones
1421 1249 1570 1332 prelatas
1587 1251 1807 1333 admittendo,
1832 1253 2069 1317 nonobstante

418 1351 622 1419 conclusione
653 1350 745 1418 facta
774 1353 808 1419 in
838 1353 988 1435 predicta
1011 1375 1121 1438 causa,
1148 1357 1372 1423 sanctionibus
1396 1358 1561 1424 canonicis
1584 1356 1769 1440 informati3
1801 1378 1898 1440 porro
1923 1357 2069 1439 receptis

418 1459 559 1524 testibus
582 1459 710 1542 iuratis,
736 1480 817 1540 quos
841 1461 927 1526 dicte
952 1463 1093 1528 actrices
1117 1483 1216 1546 super
1240 1464 1407 1546 premissis
1431 1465 1681 1547 excepcionibus
1697 1467 1876 1547 producere
1893 1465 2070 1532 voluerunt

417 1571 450 1630 et
485 1569 720 1647 produxerunt,
752 1587 792 1632 ac
825 1567 908 1650 ipsis
943 1569 1117 1653 diligenter
1153 1571 1359 1653 examinatio,
1390 1573 1535 1654 ipsorum
1570 1591 1696 1652 quoque
1731 1571 1829 1637 dictis
1863 1570 2069 1652 inscriptis

417 1672 562 1738 redactis
586 1693 625 1738 ac
649 1673 871 1756 sollempniter
894 1675 1080 1759 publicatis
1107 1678 1283 1759 propositis
1307 1679 1412 1744 eciam
1436 1678 1630 1760 quibusdam
1646 1677 1897 1760 excepcionibus
1914 1697 1955 1742 ex
1972 1683 2069 1759 parte

416 1779 465 1844 rei
495 1778 655 1845 antedicti
686 1787 802 1846 contra
832 1801 990 1863 personas
1021 1789 1054 1849 et
1085 1784 1175 1851 dicta
1202 1784 1335 1850 testium
1359 1805 1416 1866 per
1441 1785 1547 1850 dictas
1571 1784 1712 1850 actrices
1736 1803 1835 1866 super
1858 1783 1926 1849 suis
1950 1804 2069 1865 excep-

417 1884 564 1951 cionibus
594 1887 801 1968 prenarratis
832 1889 1010 1970 productis
1037 1909 1118 1971 quas
1149 1910 1216 1956 una
1246 1911 1318 1956 cunr
1348 1891 1623 1973 replicacionibus
1654 1893 1695 1957 ad
1727 1893 1857 1956 easdem
1881 1891 2069 1956 subsecutis

416 2011 475 2073 per
508 1998 657 2058 nostram
687 1993 969 2061 interlocutoriam
1001 1999 1140 2078 desuper
1173 1996 1336 2079 prolatam
1369 2019 1427 2080 pro
1461 2005 1576 2064 nostra
1607 1995 1842 2064 informacione
1874 1997 1907 2063 in
1938 2004 2068 2080 tempus

417 2097 586 2166 diffinitive
611 2101 775 2167 sentencie
801 2102 950 2168 duximus
973 2106 1209 2185 reservandas;
1236 2106 1388 2172 concluso
1413 2125 1539 2186 quoque
1563 2107 1668 2171 denuo
1691 2105 1726 2170 in
1743 2124 1844 2170 causa
1860 2101 1996 2187 prelata
2011 2125 2068 2186 per

416 2225 475 2272 nos
503 2224 576 2272 cum
599 2209 869 2289 procuratoribus
893 2210 1037 2292 ipsarum
1061 2210 1207 2292 parcium
1232 2212 1399 2278 nobiscnm
1422 2211 1607 2279 voluntarie
1632 2211 1913 2293 concludentium
1939 2217 2067 2278 statuto

417 2333 544 2394 quoque
574 2313 656 2396 ipsis
686 2315 838 2396 partibus
862 2337 921 2398 pro
945 2317 1082 2382 termino
1107 2317 1192 2384 teria
1215 2327 1310 2384 sexta
1335 2327 1411 2385 ante
1435 2319 1550 2385 Pauli¹
1574 2322 1617 2384 ad
1640 2317 1843 2386 diffinitivam
1868 2319 2066 2385 sentenciam

418 2419 613 2486 audiendam
635 2421 669 2487 in
694 2441 795 2488 causa
817 2431 1008 2504 memorata,
1033 2424 1123 2490 dicta
1147 2444 1273 2507 quoque
1297 2423 1384 2492 feria
1408 2429 1447 2492 de
1471 2425 1523 2491 die
1546 2425 1580 2490 in
1604 2424 1690 2491 diem
1711 2445 1814 2508 usque
1837 2425 1870 2490 in
1887 2424 2067 2492 sabatumb

416 2525 596 2607 proximum
621 2533 699 2594 ante
723 2529 915 2596 dominicam
933 2531 1076 2597 Letare8
1092 2531 1126 2597 in
1141 2533 1255 2598 boram
1271 2532 1408 2614 primam
1425 2539 1614 2616 prorogata,
1639 2553 1695 2599 reo
1711 2533 1746 2598 in
1763 2535 1898 2599 eandem
1912 2531 2067 2616 legittime

416 2640 564 2716 evocatu,
589 2633 740 2716 partibus
763 2635 973 2719 presentibus
997 2643 1030 2703 et
1052 2637 1258 2704 diffinitivam
1275 2640 1475 2705 sentenciam
1491 2638 1571 2706 ferri
1589 2660 1660 2706 cum
1676 2640 1843 2707 instancia
1859 2639 2064 2721 petentibus:

305 2805 310 2818 ,
415 2759 475 2806 nos
505 2739 585 2806 visis
616 2742 701 2808 actis
729 2749 762 2808 et
786 2743 1041 2825 probacionibus
1065 2746 1213 2827 parcium
1238 2767 1277 2812 ac
1300 2745 1425 2812 meritis
1450 2767 1548 2813 cause
1572 2747 1788 2814 consideratis
1812 2753 1846 2813 et
1870 2750 1911 2812 ad
1936 2747 2067 2828 plenum

416 2847 572 2930 cognitis,
605 2855 673 2914 tam
708 2852 750 2915 ad
786 2849 980 2931 qualitatem
1011 2852 1337 2934 testiumutrimque
1368 2856 1600 2935 productorum
1631 2854 1758 2921 oculum
1789 2853 2066 2922 consideracionis

413 2953 527 3019 intime
558 2955 727 3038 habentes,
754 2977 851 3038 quam
874 2961 917 3022 ad
941 2977 1051 3025 eorum
1075 2959 1235 3042 deposita,
1261 2965 1457 3042 prudentum
1482 2961 1719 3027 communicato
1745 2960 1878 3028 consilio
1903 2979 1942 3026 ac
1967 2980 2066 3042 penes

415 3079 474 3126 nos
506 3061 746 3130 deliberacione
778 3065 954 3146 prehabita
985 3066 1151 3148 diligenti:
1184 3067 1261 3148 quia
1289 3068 1473 3134 invenimus
1497 3087 1561 3134 non
1586 3068 1688 3134 solum
1713 3087 1772 3150 per
1795 3087 1844 3148 ea,
1870 3086 1931 3147 que
1956 3087 2065 3132 coram

414 3167 508 3232 nobis
533 3169 680 3235 exhibita
699 3175 776 3236 sunt
792 3177 826 3236 et
842 3173 993 3253 probata,
1019 3179 1225 3239 contractum
1241 3173 1441 3240 vendicionis
1458 3175 1627 3256 premisse,
1652 3181 1689 3240 ut
1705 3181 1786 3257 puta
1803 3180 1917 3240 contra
1934 3174 2066 3240 canoni-

415 3292 472 3338 cas
504 3276 691 3342 sanctiones
723 3279 897 3359 celebrate,
923 3276 995 3344 fore
1025 3278 1158 3362 nullum,
1184 3300 1296 3348 verum
1325 3281 1427 3346 eciam
1450 3281 1541 3363 ipsas
1565 3282 1706 3347 actrices
1731 3301 1771 3346 er
1796 3287 1968 3347 contractu
1992 3301 2065 3363 pre-

414 3379 502 3446 dicto
526 3401 586 3463 per
608 3383 741 3464 Rosam,
767 3390 904 3450 matrem
929 3385 1015 3451 dicte
1038 3387 1222 3466 Katterine‚
1249 3407 1288 3453 ac
1310 3388 1416 3469 ipsam
1440 3388 1605 3454 celebrato
1628 3389 1838 3454 Katterinam
1862 3387 2064 3453 clandestine

415 3493 531 3554 contra
562 3507 754 3556 consensum
779 3546 785 3559 .
812 3492 982 3560 abbatisse
1014 3498 1046 3558 et
1071 3500 1251 3560 conventus
1275 3493 1461 3559 monialium
1484 3494 1676 3560 monasterii
1699 3493 1838 3576 predicti
1862 3493 1969 3560 dictas
1994 3513 2064 3558 curn

415 3593 556 3660 actrices
587 3615 627 3662 er
658 3598 965 3679 superhabundanti
995 3605 1026 3665 et
1059 3603 1099 3666 ad
1132 3601 1294 3666 cautelam
1324 3606 1394 3667 tam
1423 3601 1503 3666 iuris
1533 3620 1630 3681 quam
1661 3601 1930 3668 consuetudinum
1955 3619 2065 3666 coram

414 3700 508 3766 nobis
532 3705 745 3784 probatarum
771 3705 945 3772 munimine
969 3705 1093 3772 suffulti
1116 3715 1233 3774 contra
1256 3707 1420 3790 prelatum
1445 3708 1646 3775 vendicionis
1670 3715 1886 3788 contractum,
1911 3708 2064 3775 invocato

415 3808 467 3872 dei
496 3809 637 3891 nomine,
662 3811 885 3879 restituendas
915 3813 949 3878 in
978 3814 1141 3897 integrum
1172 3815 1415 3881 sentencialiter
1440 3815 1644 3881 declaramus
1669 3823 1702 3880 et
1724 3815 1758 3880 in
1781 3815 1946 3898 integrum
1969 3815 2066 3880 resti-

415 3914 535 3981 tuimus
562 3916 595 3980 in
619 3915 681 3982 hiis
706 3917 847 4000 scriptis.
896 3919 981 4005 Quia
1004 3940 1082 3988 vero
1107 3941 1165 4002 per
1189 3929 1301 4004 partos
1325 3922 1499 3988 hincinde
1524 3921 1619 4003 plura
1642 3921 1737 3988 nobis
1760 3920 1896 3988 luerunt
1920 3921 2066 3988 exhibita

414 4025 456 4088 ad
480 4023 686 4090 intentiones
710 4045 788 4091 suas
811 4029 1010 4108 probandam,
1035 4028 1128 4094 nobis
1153 4049 1225 4095 curn
1249 4028 1435 4096 constiterit
1460 4049 1499 4094 ex
1524 4029 1786 4111 probacionibus
1810 4029 1929 4110 quibus
1952 4029 2065 4110 pocius

414 4128 469 4194 lux
500 4130 654 4198 veritatis
686 4132 823 4214 assistit,
849 4153 907 4215 per
931 4154 1013 4216 quas
1037 4135 1139 4202 eciam
1164 4135 1297 4217 apciora
1321 4143 1355 4201 et
1379 4136 1577 4218 proximiora
1598 4145 1679 4203 'vero
1702 4137 1736 4203 in
1760 4136 1907 4219 presenti
1930 4135 2064 4219 negocio

414 4238 635 4320 declarantur,
662 4239 857 4306 solucionem
888 4241 1028 4325 triginta
1059 4249 1092 4308 et
1117 4250 1240 4324 septem
1264 4263 1448 4310 marcarum
1472 4244 1721 4325 Coloniensimn,
1747 4245 1775 4310 si
1798 4264 1864 4324 qua
1887 4243 1979 4309 iacta
2002 4241 2065 4306 luit

397 4364 473 4424 per
502 4344 609 4426 ipsum
640 4367 740 4428 reum,
766 4344 890 4413 factam
915 4347 1016 4414 luisse
1042 4370 1081 4415 ex
1105 4349 1171 4416 alia
1195 4370 1295 4416 causa
1320 4369 1493 4432 processus
1518 4371 1538 4416 a
1562 4371 1663 4417 causa
1687 4351 1843 4432 presenti.
1869 4371 1931 4431 que
1956 4369 2064 4415 coram

414 4452 508 4517 nobis
538 4453 625 4518 inter
656 4453 844 4536 predictas⁰
872 4463 985 4536 partes
1009 4457 1160 4539 vertitur,
1187 4465 1346 4522 extranea
1370 4463 1403 4522 et
1427 4457 1580 4524 discreta.
1629 4463 1738 4543 Quare
1762 4458 1884 4523 dictum
1908 4477 1998 4522 reum
2021 4459 2062 4520 ad

415 4557 605 4625 solvendum
630 4566 663 4626 et
687 4563 881 4627 tradendum
906 4561 993 4628 dioto
1017 4563 1215 4630 monasterio
1240 4563 1368 4629 nominc
1393 4563 1478 4629 dicte
1494 4565 1668 4630 Katterine
1692 4568 1774 4630 duas
1790 4583 1919 4630 mareas
1936 4561 2064 4628 denari-

415 4685 515 4748 orum,
541 4668 648 4733 tribus
678 4668 879 4734 heliensibus
911 4689 969 4751 pro
1000 4670 1147 4751 quolibet
1171 4671 1305 4736 denario
1330 4677 1362 4736 et
1386 4671 1554 4737 duodecim
1578 4671 1691 4737 solidis
1716 4691 1774 4754 pro
1799 4691 1911 4736 marca
1935 4688 2063 4750 conspu-

415 4773 505 4854 tatis
531 4774 668 4858 singulis
693 4775 788 4840 annis
812 4783 969 4857 perpetue
994 4777 1170 4858 pensionis,
1196 4797 1322 4844 necnon
1346 4781 1457 4844 decem
1471 4789 1602 4845 ‘marcas
1620 4779 1840 4860 predictorum
1857 4777 2062 4843 denariorum

414 4881 544 4947 racione
567 4882 709 4966 neglecti
733 4903 850 4949 census
874 4904 932 4965 per
956 4884 1041 4950 hanc
1065 4893 1211 4951 nostram
1236 4885 1438 4952 diffinitivam
1455 4886 1653 4952 sentenciam
1670 4889 1963 4968 condempnantes3
1990 4903 2063 4949 con-

414 4991 629 5070 dempnantes
661 4989 763 5055 eciam
794 4989 827 5055 in
858 5010 1019 5071 expensas
1049 4991 1117 5057 litis
1148 4992 1245 5057 dictis
1276 4991 1470 5075 actricibus,
1503 5011 1638 5073 quarum
1671 4992 1876 5058 taxacionem
1906 4991 2001 5058 nobis
2028 4990 2062 5056 in

414 5104 580 5177 posterum
604 5116 811 5162 reservamus
836 5153 842 5164 .
867 5098 932 5162 Per
954 5100 1014 5164 hoc
1039 5105 1149 5164 tamen
1173 5099 1260 5165 dicto
1284 5120 1350 5180 reo,
1376 5099 1404 5164 si
1427 5119 1526 5184 super
1550 5100 1715 5177 solucione
1739 5119 1798 5181 per
1821 5103 1957 5164 eundern
1973 5117 2062 5164 rcum

413 5201 577 5284 lactant
608 5203 737 5284 asserit,
764 5223 947 5287 regressum
978 5206 1100 5270 babere
1131 5212 1247 5271 contra
1278 5207 1417 5287 aliquem
1447 5207 1588 5272 voluerit
1618 5207 1671 5274 vel
1695 5205 1846 5288 experiri,
1872 5205 2061 5287 experiendi

413 5329 478 5375 non
503 5309 672 5376 adimimus
695 5308 898 5376 facultatem.
947 5311 1035 5377 Lata
1059 5319 1110 5378 est
1133 5313 1192 5378 heo
1216 5314 1384 5379 sentencia
1408 5334 1493 5380 anno
1518 5313 1638 5380 domini
1660 5314 1701 5379 rit.
1720 5334 1785 5378 occ.
1804 5293 1960 5394 xxrssi,
1977 5333 2060 5378 nouo

413 5417 573 5483 kalendas
598 5417 720 5499 aprilis.

630 5559 675 5615 Or.
689 5560 777 5630 Ppnct.
815 5561 878 5615 Das
896 5562 1072 5630 abbanpcndc
1091 5563 1179 5630 b'icpcl
1198 5565 1246 5616 ιιιιί
1265 5563 1424 5634 Rttclsiepcl
1442 5566 1478 5618 ist
1497 5571 1545 5634 pot
1564 5565 1692 5619 erbaltcn.
1730 5563 1769 5616 St.
1783 5565 1818 5616 A.
1831 5563 1998 5618 Wicsbadcu.

680 5691 703 5731 ιιι
719 5683 754 5725 Es
769 5687 833 5726 zcdrc
847 5689 1068 5735 ,ιιιειιιιιειιιιιιιιιιΙ
1084 5697 1115 5728 aa
1129 5689 1255 5730 arcear-ton.
1285 5689 1307 5734 bt
1324 5687 1372 5730 So!
1401 5693 1422 5735 ot
1441 5687 1588 5740 ‚pradictus'
1604 5688 1666 5730 stadt
1680 5686 1779 5740 doppclt
1792 5687 1827 5730 tm
1842 5685 1883 5729 Or.

468 5795 476 5824 ¹
497 5797 567 5848 1324
584 5795 697 5849 Januar
714 5799 757 5849 20.
796 5794 806 5826 ²
825 5798 895 5849 1324
914 5796 998 5850 mura
1015 5799 1058 5848 24.
