4416 6414
332 353 336 361 -
393 327 436 390 34
1077 320 1146 375 1315
1165 319 1316 376 November
1335 319 1359 375 7.

393 519 526 586 collario
545 525 677 603 spectat
693 521 735 584 ad
753 517 919 601 predictos
936 519 1095 612 decanum
1112 523 1146 582 ιι
1162 516 1351 600 capitulum,
1369 516 1430 582 ut
1421 535 1492 599 lpse
1508 515 1619 584 verius
1635 515 1750 582 credit.
1780 515 1863 580 33-
1870 515 1927 599 39)
1943 517 2042 598 Super

397 606 577 708 xxxiii..
602 605 801 707 xxxiiii,
827 624 983 704 xxxv.
999 603 1186 704 xxxin,
1214 603 1404 705 xxxvn,
1430 603 1630 690 xxxvin
1657 629 1691 688 a
1710 601 1878 689 xxxrir.
1896 620 2042 688 articulis

393 737 572 800 concordat
602 753 660 815 per
692 731 799 798 omnia
829 751 901 798 cum
933 729 1061 798 domino
1093 733 1237 798 custode.
1283 731 1428 814 40-50)
1454 730 1559 813 Super
1594 729 1666 794 XL.
1698 728 1838 796 articulo
1870 747 1973 810 usque
2004 730 2043 795 ad

394 839 696 925 quinquagesimum
726 838 900 905 articulum
931 836 1020 919 dicit,
1050 857 1105 903 eos
1135 857 1207 904 esse
1235 857 1332 904 veros
1356 857 1396 904 ιιι
1419 837 1591 904 relacione.
1640 837 1696 916 50)
1722 835 1827 919 Super
1849 835 1934 900 L¹¹¹⁰·
1957 835 2042 916 dicit,

394 950 479 1029 quod
502 946 567 1030 ipsi
589 950 812 1013 cantaverunt
836 950 870 1011 et
894 963 1073 1027 campanas
1097 944 1314 1027 pulsaverunt
1337 950 1371 1010 et
1393 943 1426 1010 iu
1452 943 1586 1028 organis
1610 949 1842 1024 cantaverunt,
1867 949 1905 1008 ut
1928 941 2044 1009 dicitur

392 1055 426 1121 in
457 1053 614 1136 articulo,
651 1051 757 1119 nescit
787 1059 915 1133 tamen,
948 1050 976 1116 si
1001 1050 1176 1132 prehabito
1206 1050 1446 1117 deliberacione
1472 1051 1532 1118 hoo
1558 1049 1718 1118 fecerunt.
1777 1051 1835 1134 51)
1859 1051 1966 1132 Super
1990 1049 2043 1114 LI.

394 1160 533 1228 articulo
550 1159 639 1242 dicit,
662 1162 748 1242 quod
768 1157 992 1240 sollempniter
1012 1163 1235 1225 cantaverunt
1250 1175 1348 1224 uuam
1365 1157 1497 1224 ιιιιιιιιιι
1514 1160 1595 1224 adeo
1612 1164 1722 1225 temen
1739 1156 1944 1240 tempestive,
1963 1161 2044 1238 quod

395 1268 554 1352 plebanus
585 1267 639 1335 vel
668 1266 720 1333 sui
749 1266 832 1333 socii
862 1271 1017 1349 poterant
1048 1271 1185 1331 cantare
1216 1271 1249 1332 et
1281 1264 1530 1347 pronuncianda
1557 1263 1786 1347 pronunciare,
1817 1269 1916 1345 prout
1945 1263 2045 1330 eciam

396 1374 521 1441 lactum
551 1371 624 1442 fuit.
671 1374 729 1460 52)
753 1375 857 1456 Super
887 1371 1002 1438 ultimo
1034 1370 1174 1437 articulo
1206 1370 1295 1453 dicit,
1327 1373 1413 1452 quod
1444 1374 1559 1437 credat
1589 1374 1629 1438 de
1659 1370 1731 1453 ιιιιι,
1763 1389 1825 1453 que
1854 1369 1926 1453 ipse
1955 1369 2045 1453 dinit,

397 1502 469 1549 esse
493 1480 656 1565 publicam
680 1499 794 1548 vocem
817 1485 850 1545 et
874 1477 1005 1545 lamam.
1053 1477 1266 1560 Collocutum,
1291 1480 1516 1560 subornatum,
1542 1483 1604 1545 etc.
1630 1477 1738 1544 omnia
1762 1483 1872 1561 negat.

501 1624 558 1688 VI.
576 1623 659 1688 Item
676 1621 847 1690 (tilbertus
862 1619 971 1686 dictus
987 1621 1104 1704 Beyer,
1122 1619 1219 1686 testis
1235 1600 1304 1702 VI„
1321 1619 1450 1686 iuratus
1467 1626 1501 1686 et
1516 1620 1696 1702 requisitus
1712 1638 1812 1703 super
1829 1621 1928 1702 1-2)
1945 1620 2045 1703 prImo

397 1735 431 1797 et
455 1732 597 1796 secundo
623 1728 761 1796 articulo
786 1728 876 1804 dicit,
902 1747 957 1795 cos
982 1747 1054 1793 esse
1077 1747 1175 1794 veros
1199 1747 1239 1793 ex
1263 1727 1433 1794 relacione.
1482 1731 1515 1812 3)
1540 1729 1645 1811 Super
1668 1727 1771 1794 tercIo
1788 1725 1928 1794 articulo
1944 1725 2046 1793 nescit

396 1855 477 1905 eum.
525 1835 560 1922 4)
589 1837 693 1917 Super
717 1815 796 1902 Ilii.
822 1835 962 1902 articulo
991 1833 1080 1910 dicit
1111 1854 1183 1901 eum
1208 1853 1280 1900 esse
1303 1853 1426 1901 verum.
1474 1835 1508 1920 5)
1528 1814 1690 1916 SuperV.
1707 1832 1848 1901 articulo
1870 1832 1960 1914 dicit,
1977 1853 2047 1900 euru

396 1963 468 2010 esse
492 1961 617 2024 verum,
642 1941 722 2008 dicit
746 1947 866 2024 tamen,
892 1944 978 2022 quod
1002 1945 1146 2008 decanus
1171 1941 1415 2009 consecraverit
1439 1941 1647 2024 baptismum,
1672 1939 1879 2007 benedixerit
1895 1941 2048 2007 candelas

394 2049 429 2116 ιιι
459 2047 688 2155 purificacioue
721 2057 754 2114 et
783 2047 816 2114 ιιι
848 2047 934 2114 testo
964 2049 1145 2130 palmarum
1170 2049 1306 2130 palmes.
1354 2051 1386 2130 6)
1406 2049 1512 2132 Super
1527 2028 1584 2114 VI.
1603 2047 1742 2114 articulo
1767 2046 1856 2128 dicit,
1882 2066 1954 2113 eum
1978 2067 2048 2114 esse

396 2175 519 2238 verum,
544 2163 642 2236 prout
666 2154 729 2221 sibi
748 2155 889 2222 videtur.
938 2156 1095 2276 7)Super
1111 2155 1187 2222 VII.
1211 2162 1264 2221 art
1251 2155 1351 2222 ticulo
1368 2155 1474 2221 nescit
1491 2175 1572 2224 eum.
1620 2155 1654 2240 8)
1674 2155 1779 2237 Super
1794 2133 1887 2219 VIII.
1910 2153 2048 2220 articulo

396 2262 486 2346 dicit,
512 2281 585 2329 eum
616 2281 835 2342 creovorum,
861 2261 1032 2345 quiaipsc
1057 2261 1133 2328 ιιιι
1124 2281 1152 2328 ιι
1109 2260 1240 2328 ιιιιιι
1264 2261 1494 2345 campanarius
1517 2261 1550 2330 ιιι
1574 2261 1666 2328 dicta
1631 2260 1829 2328 tecclesia
1852 2261 2049 2344 parrochiali

397 2368 600 2451 temporibus
624 2371 787 2450 quondam
804 2369 980 2452 Dythmari
1004 2389 1021 2436 ι
1024 2368 1189 2453 tWykeri
1213 2369 1425 2452 plebanorum
1449 2375 1483 2436 et
1505 2368 1599 2451 vidit,
1625 2371 1759 2450 quodt
1732 2365 1889 2434 itaiocta
1905 2366 2048 2441 luerunt.

397 2475 516 2559 quaid
540 2475 679 2542 articulo
705 2475 925 2542 continentur.
968 2475 1002 2562 9)
1026 2475 1131 2558 Super
1153 2455 1217 2541 IX.
1241 2475 1379 2542 articulo
1403 2475 1493 2558 dicit,
1519 2495 1591 2541 eum
1615 2493 1687 2542 esse
1711 2494 1833 2541 verum.
1876 2475 1929 2558 10)
1946 2477 2050 2556 Super
2181 2519 2182 2558 3

400 2563 441 2650 X.
464 2581 605 2648 articulo
635 2581 742 2648 nescit
771 2601 854 2649 eum.
904 2583 958 2669 11)
982 2583 1087 2665 Super
1102 2561 1163 2647 XI.
1186 2581 1325 2648 articulo
1354 2581 1443 2664 dicit,
1469 2601 1541 2649 eum
1572 2601 1611 2648 ex
1641 2581 1803 2649 relacione
1830 2601 1943 2649 verum
1968 2601 2047 2648 esse.

401 2691 455 2770 12)
479 2689 585 2771 Super
608 2668 686 2754 XII.
710 2687 849 2756 articulo
874 2688 965 2772 dicit,
942 2695 1063 2756 teum
1088 2708 1200 2756 verum
1225 2708 1306 2758 esse
1349 2690 1403 2776 13)
1426 2690 1531 2771 Super
1556 2669 1651 2755 XIII.
1674 2688 1814 2756 articulo
1839 2688 1953 2770 credit,
1980 2707 2049 2754 eum

396 2815 469 2862 esse
491 2814 615 2877 verum,
641 2798 749 2878 quoad
772 2816 823 2876 ea,
848 2815 910 2878 que
933 2797 1093 2879 plebanus
1108 2797 1441 2880 Franckinfordensis
1466 2815 1618 2863 exercere
1642 2795 1822 2863 consuevit.
1872 2795 1927 2882 14)
1947 2796 2051 2879 Super

396 2881 507 2969 xliii.
536 2901 676 2970 articulo
706 2901 812 2969 nescit
843 2922 926 2970 eum
987 2904 1041 2988 lb)
1073 2903 1178 2986 Super
1209 2903 1282 2972 XV
1310 2902 1425 2984 credit,
1458 2923 1529 2969 eum
1561 2923 1634 2970 esse
1665 2922 1777 2970 verum
1808 2922 1849 2969 ex
1879 2901 2048 2969 relacione.

397 3010 451 3092 16)
473 3009 578 3090 Super
607 2987 698 3074 XVI.
722 3007 861 3075 articulo
893 3009 1007 3090 credit,
1038 3029 1111 3076 esse
1141 3007 1262 3075 lamam
1292 3012 1331 3076 de
1362 3009 1434 3092 hiis,
1464 3029 1526 3092 que
1555 3009 1626 3093 ipse
1656 3008 1817 3092 deposuit.
1868 3007 1921 3095 17)
1945 3009 2050 3092 Super

399 3095 507 3185 XVII.
531 3113 672 3182 articulo
697 3115 803 3182 nescit
826 3133 909 3182 eum.
964 3116 1018 3203 18)
1042 3117 1148 3198 Super
1167 3115 1293 3182 XVIII.
1319 3115 1471 3184 similiter
1494 3117 1599 3183 nescit
1616 3136 1697 3196 eum,
1724 3115 1805 3182 dicit
1821 3121 1941 3198 tamen,
1967 3117 2050 3197 quod

296 3239 299 3246 ’
396 3221 597 3288 intellexerit
629 3226 663 3288 et
693 3220 858 3289 audiverit
888 3223 930 3288 ab
962 3221 1036 3304 illis,
1062 3221 1118 3304 qui
1145 3221 1339 3289 elemosinas
1363 3223 1559 3307 colligarunt
1582 3225 1624 3289 ab
1648 3222 1831 3290 hominibus
1855 3222 1888 3289 iu
1912 3221 2050 3289 ecclesia

396 3329 713 3410 Franckicfordcaei
737 3330 779 3394 ad
802 3327 972 3411 fabricam,
998 3333 1084 3411 quod
1100 3330 1218 3413 Sypelo
1238 3332 1278 3395 de
1294 3330 1504 3414 Gysenheym
1521 3339 1554 3396 et
1570 3331 1593 3396 J
1595 3331 1740 3397 ohannes
1757 3329 1925 3398 Goltstein
1942 3337 2052 3395 essent

398 3433 449 3500 sui
472 3433 661 3517 superiores
692 3439 727 3502 et
749 3433 901 3520 magistri
925 3434 1059 3501 fabrice.
1114 3435 1169 3522 19)
1193 3437 1297 3520 Super
1323 3417 1407 3502 XIX
1434 3436 1574 3504 articulo
1599 3436 1689 3517 uicit,
1714 3439 1799 3518 quod
1824 3435 1888 3502 sibi
1910 3439 2050 3516 constet,

397 3543 483 3622 quod
507 3561 586 3623 pars
608 3539 712 3623 ipsius
737 3541 883 3622 ecclesie,
908 3540 1063 3608 videlicet
1086 3549 1160 3609 octo
1185 3542 1380 3624 testudines,
1404 3541 1495 3610 iacta
1519 3543 1586 3609 sint
1610 3563 1669 3626 per
1693 3541 1859 3625 predictos
1875 3542 2051 3626 magistros
2183 3541 2184 3588 f

398 3646 523 3713 lubrice
553 3646 682 3714 nomine
714 3647 832 3714 civium
861 3654 896 3714 et
920 3649 1091 3731 parrochie
1116 3649 1197 3715 dieti
1220 3647 1308 3732 opidi
1332 3656 1365 3716 et
1389 3653 1428 3715 de
1452 3649 1639 3716 elemosinis
1662 3643 1817 3732 ipsorum.
1866 3649 1923 3736 20)
1948 3650 2052 3732 Super

399 3733 477 3820 XX.
504 3753 644 3820 articulo
679 3753 776 3836 dicit,
813 3773 884 3820 eum
920 3774 992 3822 esse
1025 3775 1154 3836 verum,
1192 3756 1297 3822 nescit
1331 3761 1442 3822 tamen
1474 3759 1610 3822 reddere
1644 3775 1777 3822 causam
1811 3755 1950 3822 sciencie
1983 3776 2050 3823 sne.

397 3860 454 3946 21)
477 3860 583 3943 Super
600 3839 695 3926 XXI.
718 3859 857 3927 articulo
882 3859 972 3942 dicit,
997 3881 1070 3927 eum
1094 3881 1166 3928 esse
1189 3881 1312 3943 verum,
1337 3862 1414 3944 quia
1438 3862 1651 3929 communiter
1674 3861 1795 3928 dieitur
1811 3864 1853 3928 ab
1869 3861 2051 3930 hominibus

398 3987 455 4034 ιιι
487 3965 714 4049 parrochianis
744 3967 929 4034 volentibus
960 3967 1009 4034 ire
1040 3971 1081 4034 ed
1112 3967 1283 4035 ecclesiam
1313 3969 1347 4035 in
1377 3969 1507 4054 vulgari
1541 3969 1632 4054 „WIr
1662 3968 1781 4036 wullen
1812 3988 1894 4054 gean
1925 3968 1964 4036 ιι
1995 3973 2052 4036 der

398 4074 573 4157 pherren“.
622 4075 768 4156 22-23)
791 4071 897 4157 Sup'er
915 4075 1029 4144 XXII.
1052 4082 1086 4141 et
1103 4076 1235 4142 XXIII.
1258 4075 1407 4142 articulis
1431 4076 1522 4158 dicit,
1548 4096 1604 4142 eos
1621 4096 1692 4142 esse
1708 4095 1805 4144 veros
1821 4097 1861 4142 ex
1877 4075 2050 4144 relacione.

398 4181 455 4266 24)
488 4181 594 4264 Super
627 4181 775 4246 XXIHI.
805 4181 945 4249 articulo
976 4181 1065 4264 dicit,
1098 4185 1183 4263 quod
1214 4182 1335 4262 credit,
1367 4182 1487 4249 laruam
1519 4203 1590 4250 esse
1621 4187 1661 4249 de
1692 4183 1764 4266 hiis,
1797 4203 1859 4265 que
1890 4185 2050 4266 deposuit.

399 4288 542 4370 25-26)
567 4289 672 4369 Super
692 4287 799 4353 XXV.
819 4293 853 4353 et
870 4269 994 4354 XXVI.
1018 4288 1167 4356 articulis
1191 4290 1296 4356 nescit
1320 4309 1385 4356 eos.
1434 4290 1491 4377 27)
1508 4291 1613 4373 Super
1631 4290 1775 4358 XXVII.
1798 4289 1937 4356 articulo
1961 4291 2050 4371 dicit,

399 4396 484 4477 quod
515 4397 659 4460 decanus
690 4399 724 4461 et
754 4393 936 4477 capitulum
966 4394 1108 4463 iecerint
1134 4396 1336 4479 temporibus
1360 4397 1428 4464 suis
1450 4417 1499 4477 ea,
1525 4415 1586 4478 que
1612 4395 1821 4464 continentur
1845 4396 1877 4462 ιιι
1902 4397 2051 4469 articulo.

399 4500 433 4569 Si
457 4507 573 4568 contra
595 4501 757 4584 iusticias,
781 4504 835 4571 vel
859 4503 980 4570 dictum
1006 4503 1191 4585 plebanum,
1216 4523 1257 4570 ne
1281 4503 1351 4585 ipse
1370 4506 1483 4570 eedem
1500 4501 1638 4575 iaceret.
1664 4503 1910 4586 prohibuerunt,
1936 4505 2050 4572 nescit.

399 4607 544 4694 28-33)
565 4609 672 4692 Super
696 4591 861 4677 xxvni.
883 4609 1024 4677 articulo
1052 4616 1086 4676 et
1110 4609 1184 4676 eliis
1209 4609 1357 4676 articulis
1381 4629 1483 4691 usque
1508 4612 1549 4676 ad
1575 4609 1739 4676 XXXIII.
1763 4609 1938 4678 articulum
1961 4603 2049 4691 dicit.

399 4719 484 4798 quod
508 4719 622 4783 eredat
645 4718 729 4785 bene
752 4725 786 4784 et
809 4717 1008 4785 Intellexerit
1032 4737 1072 4784 ex
1095 4717 1270 4795 relacIone,
1296 4717 1386 4783 dicta
1409 4715 1531 4783 alteria
1556 4737 1627 4782 esse
1651 4715 1744 4782 iacta
1766 4721 1799 4783 et
1816 4720 1941 4800 dotata,
1967 4717 2053 4784 sicut

397 4823 431 4889 in
454 4822 535 4906 ipsis
559 4821 708 4890 articulis
732 4824 928 4892 continetur.
969 4823 1060 4890 Dicit
1084 4823 1197 4904 eciam,
1222 4826 1306 4904 quod
1324 4821 1387 4890 sibi
1405 4829 1543 4901 constet,
1568 4825 1652 4904 quod
1671 4825 1833 4904 quondam
1850 4823 2052 4906 Dythmarus

398 4931 557 5014 plebanus
582 4929 662 4997 iecit
684 4950 782 4997 uuam
806 4931 965 4998 vicariam
984 4933 1128 4998 dotando
1154 4932 1260 4998 altare
1277 4937 1391 4997 sancte
1408 4931 1515 4997 crucis
1531 4930 1565 4996 in
1582 4929 1722 4997 ecclesia
1737 4931 2053 5014 Francktnfordeasi

398 5045 432 5104 et
454 5037 544 5104 illam
567 5037 727 5105 vicariam
743 5039 893 5106 Conrado
913 5038 1093 5105 camerario
1110 5037 1259 5105 contulit.
1308 5036 1399 5104 Dicit
1414 5045 1535 5120 tamen,
1561 5040 1646 5120 quod
1662 5039 1806 5104 decanus
1823 5043 1857 5103 et
1873 5037 2053 5119 capitulum

399 5143 538 5212 omnium
570 5144 724 5211 altarium
754 5152 787 5210 et
816 5144 1014 5212 vicariorum
1045 5144 1266 5228 predictorum
1298 5143 1449 5211 conferre
1480 5146 1632 5224 debeant,
1658 5148 1734 5210 dum
1757 5151 1889 5216 vacant.
1914 5151 1951 5210 ut
1982 5145 2051 5228 ipse

399 5251 513 5335 credit,
539 5254 597 5318 sed
628 5251 656 5317 si
687 5253 748 5318 hoc
778 5251 822 5318 sit
853 5257 969 5319 contra
995 5250 1160 5320 iusticiam
1183 5251 1237 5319 vel
1260 5251 1293 5318 in
1317 5251 1530 5334 preiudicium
1554 5251 1686 5334 plebani
1709 5251 1761 5318 vel
1785 5270 1843 5317 sue
1866 5253 2050 5333 parrochie,

398 5358 515 5428 nescit.
556 5359 702 5444 33-37)
719 5361 823 5441 Super
849 5359 1025 5440 XXXIII,
1052 5359 1249 5440 XXXIHI.,
1274 5359 1430 5440 XXXV,
1457 5359 1619 5428 XXXVI.
1642 5366 1675 5426 et
1701 5359 1880 5426 XXXVII.
1903 5359 2052 5426 articulis

399 5466 488 5548 dicit,
514 5468 599 5548 quod
624 5469 785 5547 quondam
801 5466 971 5533 Iohannes
995 5469 1034 5532 de
1051 5467 1197 5533 Rendele
1221 5473 1254 5534 et
1277 5469 1424 5534 Iacobus
1448 5470 1488 5533 de
1510 5465 1778 5551 Sprendelingen,
1803 5465 1949 5534 vicarius
1965 5465 2051 5534 dicte

399 5572 551 5654 ecclesie,
583 5593 694 5638 omnes
724 5572 923 5640 oblaciones.
956 5592 1018 5654 que
1048 5573 1129 5655 ipsis
1161 5573 1271 5640 oblate
1303 5573 1427 5640 luerint
1453 5574 1486 5640 in
1518 5573 1689 5651 altaribus,
1721 5574 1753 5639 iu
1785 5573 1903 5656 quibus
1934 5573 2051 5640 missas

399 5669 658 5760 celebraverunt,
684 5679 902 5746 exhibuerunt
926 5680 1074 5762 plebano,
1099 5681 1160 5747 hoc
1185 5681 1265 5748 dicit
1289 5681 1385 5748 testIs
1409 5679 1519 5763 sepius
1544 5681 1679 5761 vidisse,
1705 5680 1794 5748 aliud
1818 5680 1918 5748 nichil
1932 5681 1996 5748 scit
2012 5685 2051 5747 de

397 5787 478 5870 ipsis
503 5787 660 5854 articulis.
709 5789 766 5872 38)
783 5789 888 5871 Super
906 5787 1101 5854 XXXVIII.
1124 5787 1263 5856 articulo
1288 5787 1393 5854 nescit
1418 5807 1500 5854 curu.
1547 5788 1604 5875 39)
1625 5789 1730 5870 Super
1745 5788 1912 5856 XXXIX.
1935 5789 2049 5866 credit,
