4416 6414
403 313 446 380 26
868 311 938 367 tato
957 310 1075 366 October
1092 311 1135 367 24.
1156 341 1189 352 -
1208 311 1290 382 [teto
1308 325 1358 366 vor
1376 309 1527 366 November
1547 311 1582 382 7.]

402 529 442 577 ac
465 509 529 591 ipsi
553 511 698 574 decanus
722 515 757 574 ot
781 508 962 592 capitulum
986 507 1229 574 ordinacionem
1254 509 1525 589 observaverunt,
1552 506 1639 572 dicto
1664 508 1803 589 plebano
1825 527 1896 572 eam
1916 508 1950 573 in
1968 509 2054 573 nullo

395 619 612 698 observante,
636 615 700 682 nisi
724 617 809 696 quod
832 615 903 698 ipse
927 615 1087 698 plebanus
1111 621 1144 680 et
1168 614 1218 680 sui
1242 614 1331 698 socii,
1356 621 1394 680 ut
1414 613 1567 696 asseruit,
1593 617 1732 695 quedam
1752 614 1938 681 iuramenta
1952 615 2055 681 solum

403 722 594 806 verbaliter,
627 729 660 788 et
691 743 757 788 non
787 721 922 789 realiter
953 721 1181 804 prestiterunt.
1229 721 1358 788 Petitur
1381 720 1483 806 igitur
1506 721 1692 788 racionibus
1715 721 1884 804 premissis
1907 743 1928 790 a
1950 723 2054 801 vobis,

402 829 531 897 domino
556 827 741 911 scolastico,
767 835 903 896 cantore
928 847 967 896 ac
990 828 1149 912 magistro
1173 829 1362 894 Hermanno
1384 827 1541 910 predictis
1557 848 1598 894 ex
1614 834 1710 910 parte
1726 829 1843 895 decani
1860 836 1893 896 et
1908 829 2054 912 capituli.

401 955 529 1004 necnon
560 936 719 1003 sociorum
751 935 981 1019 predictorum,
1014 942 1176 1017 quatenus
1205 935 1296 1018 ipsos
1327 937 1368 1002 ab
1398 935 1606 1017 Impeticione
1629 933 1754 1018 prefati
1781 936 1922 1018 plebani,
1949 941 2055 1018 quoad

395 1043 581 1127 premissas
597 1042 779 1126 peticiones
796 1043 1042 1110 sentencialiter
1058 1043 1250 1122 absolvatis,
1262 1043 1399 1108 eundem
1415 1041 1589 1124 plebanum
1603 1041 1685 1126 ipsis
1700 1042 1735 1108 In
1747 1063 1910 1126 expensas
1923 1044 2055 1110 racione

401 1158 527 1218 temere
550 1149 742 1218 vexacionis
765 1148 866 1218 factis
889 1150 924 1216 in
947 1153 1062 1216 eadem
1085 1170 1187 1218 causa
1210 1148 1437 1216 nichilominus
1461 1152 1749 1233 condempnantes
1783 1152 1835 1217 Ad
1852 1153 2056 1234 probandum

399 1257 502 1326 etiam
531 1257 640 1325 omnia
668 1257 828 1340 premissa
856 1276 914 1339 per
939 1275 995 1323 eos
1019 1256 1190 1339 proposita
1217 1255 1357 1323 offerunt
1381 1275 1416 1322 se
1440 1259 1584 1324 decanus
1608 1263 1642 1323 et
1666 1256 1845 1340 capitulum
1868 1257 2055 1340 prescripti.

403 1363 431 1430 si
459 1383 593 1431 necesse
621 1362 732 1446 luerit,
762 1370 796 1430 et
819 1383 854 1430 se
877 1369 997 1446 petunt
1020 1363 1160 1430 admitti.
1208 1363 1253 1429 Et
1277 1369 1518 1446 protestantur,
1543 1367 1629 1446 quod
1652 1384 1717 1431 non
1742 1363 1931 1450 astringunt
1955 1383 1990 1430 se
2016 1365 2057 1430 ad

404 1473 609 1553 probandum
634 1471 742 1538 omnia
766 1477 798 1537 et
823 1471 954 1555 singola
977 1471 1147 1554 premissa,
1174 1473 1230 1536 sed
1255 1474 1297 1538 ad
1321 1491 1361 1537 ea
1383 1477 1522 1553 tantum,
1547 1491 1610 1553 que
1634 1470 1698 1537 sibi
1719 1478 1858 1554 prosunt
1874 1475 1914 1537 de
1935 1471 2057 1537 eisdem

397 1598 462 1660 pro
486 1598 547 1644 sua
568 1577 755 1645 intencione
778 1575 956 1644 fundanda.
1005 1577 1120 1644 Factis
1143 1577 1255 1659 itaque
1278 1577 1545 1660 responsionibus
1567 1578 1755 1660 apartibus
1770 1578 1848 1644 hInc
1864 1578 1940 1644 iude
1958 1597 2058 1660 super

404 1684 623 1767 peticionibus
649 1685 796 1767 parcium
826 1686 1002 1752 earundem
1034 1705 1073 1752 ac
1102 1685 1161 1751 lite
1192 1691 1380 1751 contestata
1403 1684 1549 1768 legitime
1572 1705 1671 1768 super
1695 1685 1817 1752 eisdem
1840 1685 2058 1767 peticionibus

403 1811 513 1858 coram
541 1792 634 1858 nobis
662 1791 797 1859 arbitrIs
821 1791 989 1872 predictis,
1015 1790 1232 1872 admissisque
1255 1789 1352 1858 dictis
1377 1791 1527 1873 partibus
1551 1790 1725 1857 hincinde
1750 1811 1808 1873 per
1832 1810 1891 1856 nos
1916 1794 1959 1857 ad
1982 1811 2058 1873 pro·

402 1900 547 1966 bandum
577 1919 656 1965 suas
684 1897 898 1980 intentiones
930 1897 979 1964 ita
1008 1901 1094 1979 quod
1123 1898 1215 1980 ipsas
1246 1904 1359 1978 partes
1389 1899 1531 1979 probata
1558 1897 1715 1978 relevent,
1741 1903 1899 1980 quantum
1923 1900 1963 1964 de
1986 1897 2058 1964 iure

403 2011 559 2087 poterunt
582 2004 637 2072 vel
659 2006 841 2086 debebunt;
867 2003 1039 2071 commissa
1062 2023 1189 2086 qnoque
1213 2003 1459 2072 examinacione
1482 2007 1522 2070 de
1547 2023 1708 2071 consensu
1725 2004 1887 2072 dictarum
1908 2005 2059 2086 parcium

404 2131 503 2193 super
535 2111 677 2178 testibus
709 2111 785 2178 hinc
816 2111 892 2178 inde
923 2111 958 2178 in
990 2111 1242 2178 Franckeooord
1266 2112 1318 2178 vel
1351 2111 1434 2178 alias
1467 2111 1685 2192 producendis
1718 2111 1893 2192 Girbardo,
1927 2111 2058 2178 notario
2188 2159 2189 2190 ἶ

402 2225 520 2284 sancte
553 2218 640 2285 sedis
668 2217 869 2302 Maguntine,
903 2217 1110 2300 recipiendia,
1135 2217 1253 2285 leriam
1285 2221 1461 2286 secumdam
1494 2217 1674 2300 proximam
1706 2226 1784 2285 ante
1815 2216 1937 2285 festum
1967 2219 2059 2284 beati
2188 2221 2189 2228 ’

404 2325 541 2392 Martini
572 2323 737 2408 episcopi¹
767 2328 810 2392 ad
840 2325 1071 2392 remittendum
1100 2325 1194 2392 nobis
1223 2325 1312 2392 dicta
1336 2328 1513 2393 eorumdem
1536 2324 1669 2391 testium
1693 2332 1727 2392 et
1751 2326 1793 2392 ad
1816 2327 2059 2408 procedendum

401 2432 552 2516 alteriue,
578 2439 736 2515 quantum
758 2432 880 2500 iustum
904 2431 1014 2515 fuerit,
1040 2432 1249 2514 presentibus
1273 2433 1489 2517 assignamus.
1530 2434 1651 2499 Actum
1676 2452 1761 2500 anno
1786 2433 1908 2500 domini
1930 2453 1971 2498 m.
1990 2452 2057 2498 ccc.

406 2540 491 2622 XV,
517 2540 580 2606 IX.
606 2539 766 2607 kalendas
789 2538 984 2607 novembris.

618 2682 761 2747 Aboclrrist
775 2683 807 2737 io
821 2684 914 2738 Barca
923 2681 1131 2750 -StifhBrtclter,
1145 2682 1221 2738 Serio
1232 2683 1253 2736 I
1263 2683 1316 2737 No.
1330 2679 1383 2736 221³
1396 2681 1416 2747 f.
1431 2685 1466 2736 77
1478 2682 1520 2736 ob.

367 3007 373 3019 ’
407 3007 472 3084 35.
499 3014 561 3080 Die
577 3015 823 3081 Sotimsricmer
846 3019 880 3080 io
902 3015 972 3080 dem
987 3015 1098 3080 serene
1120 3013 1275 3079 awisclrou
1297 3015 1367 3078 deur
1382 3013 1720 3096 Bomholomooosstifl
1744 3013 1810 3076 uod
1832 3013 1902 3077 dem
1919 3012 2061 3095 Psorrer

495 3123 656 3206 Sr’oqfro'ed
680 3123 882 3188 ceurennum
904 3123 954 3188 do'c
972 3123 1237 3207 Behoroptuuyom,
1261 3122 1373 3186 melche
1395 3121 1451 3186 der
1465 3119 1605 3203 Psorrer
1622 3143 1663 3184 eo
1679 3121 1828 3186 bewciseo
1843 3121 1911 3186 siclo
1927 3121 2059 3186 erotem.

496 3231 600 3315 [1315
624 3251 679 3295 vor
694 3229 869 3296 November
896 3229 941 3313 7.]

519 3369 720 3438 Scolasticus
751 3377 784 3436 et
815 3377 932 3438 cantor
962 3371 1098 3438 ecclesie
1125 3377 1240 3436 sancte
1263 3369 1370 3436 Mario
1394 3371 1437 3436 ad
1461 3371 1593 3437 Gradus
1617 3367 1816 3452 Mogontine,
1841 3387 1969 3434 necnon
1992 3389 2062 3435 ma-

406 3479 510 3564 gister
534 3479 744 3545 Hermannus
768 3479 807 3544 de
831 3477 1044 3562 Eschewege,
1070 3477 1247 3544 canonicus
1271 3476 1407 3543 ecclesie
1429 3477 1675 3558 Northusensio‚
1693 3475 1823 3557 arbitri,
1841 3475 2062 3542 arbitratores

407 3606 463 3652 seu
496 3583 684 3652 amicabiles
716 3584 949 3666 compositores
980 3584 1013 3650 in
1044 3583 1163 3667 causis,
1189 3604 1249 3666 que
1274 3583 1362 3650 inter
1384 3583 1593 3650 honorabiles
1617 3582 1706 3649 viros
1731 3581 1878 3650 dominos
1901 3586 2061 3649 decanum

406 3701 441 3760 et
465 3691 645 3775 capitulum
668 3691 805 3758 ecclesie
829 3692 1162 3775 Francktusordemsir
1186 3711 1226 3758 ex
1250 3711 1316 3757 una
1340 3700 1445 3774 parte,
1472 3697 1505 3756 et
1528 3689 1751 3756 honorabilem
1768 3689 1873 3755 vIrum
1897 3690 2061 3757 dominum
2190 3747 2191 3772 ,

411 3798 578 3882 Sifridum,
605 3799 780 3881 plebanum
804 3799 1165 3882 Francko‘ufordemsom,
1190 3817 1230 3864 ex
1254 3798 1362 3864 altera
1377 3805 1563 3878 vertuntur,
1589 3798 1631 3862 ab
1648 3795 1769 3863 eisdem
1786 3795 1937 3878 partibus
1953 3796 2061 3863 electi.

408 3909 531 3974 Datum
562 3925 621 3989 per
652 3905 794 3990 copiam:
829 3907 946 3973 Coram
974 3907 1068 3974 vobis
1098 3904 1344 3972 honorabilibus
1372 3903 1454 3972 viris
1489 3903 1663 3971 scolastico
1695 3909 1728 3970 et
1759 3909 1894 3970 cantore
1925 3903 2062 3970 ecclesie

408 4021 523 4082 sancte
552 4013 659 4080 Maria
689 4015 731 4079 ad
763 4015 896 4082 Gradus
927 4013 1117 4097 Mognndne
1140 4032 1179 4078 ac
1202 4011 1363 4096 magistro
1387 4012 1577 4078 Hermanno
1602 4013 1641 4076 de
1665 4010 1878 4093 Eschewege,
1903 4011 2062 4078 canonico

407 4123 636 4202 Northusensi,
664 4119 809 4204 orbitus,
836 4120 1091 4187 arbitratoribus
1116 4139 1173 4186 seu
1197 4118 1423 4186 amicabilibus
1447 4117 1729 4200 compositoribus,
1755 4119 1896 4200 probare
1919 4109 2063 4184 intendit

414 4228 565 4311 Silridus,
591 4229 751 4311 plebanus
775 4229 1115 4310 Franckenfordeosie
1139 4245 1198 4292 suo
1222 4232 1257 4292 et
1280 4225 1367 4291 dicte
1391 4224 1565 4308 parrochie
1589 4243 1646 4290 sue
1670 4223 1809 4304 nomine,
1836 4223 1869 4308 l)
1885 4226 1970 4304 quod
1988 4244 2063 4306 pro

408 4336 492 4404 visio
524 4336 592 4403 sive
622 4335 756 4402 collacio
788 4334 994 4416 prepositure
1027 4335 1371 4417 Franckinfordeasts,
1404 4336 1479 4398 dum
1502 4338 1612 4414 vacat,
1643 4337 1712 4398 tam
1742 4333 1782 4397 de
1806 4330 1877 4396 iure
1901 4349 1999 4412 quam
2023 4333 2062 4396 de

410 4439 547 4524 antiqua
578 4443 813 4511 consuetudide
842 4449 973 4525 spectat
997 4449 1030 4508 et
1053 4442 1157 4507 libere
1182 4440 1327 4522 pertinet
1351 4442 1392 4506 ad
1417 4438 1594 4520 quemlibet
1618 4437 1902 4519 archiepiscopum
1925 4438 2063 4520 Mogon-

408 4551 522 4616 tinom.
571 4551 711 4637 2)1tem
741 4551 882 4632 probare
911 4550 1066 4632 intendit,
1100 4551 1183 4630 quod
1216 4547 1355 4629 quilibet
1386 4546 1584 4629 prepositus,
1617 4545 1671 4610 cui
1701 4565 1760 4626 per
1783 4543 1906 4610 dictum
1935 4545 2064 4611 archie-

409 4659 578 4741 piscopum
603 4659 641 4723 de
666 4657 757 4723 dicta
780 4657 1000 4738 prepositura,
1025 4663 1063 4722 ut
1087 4655 1279 4738 predicitur,
1305 4660 1356 4720 est
1379 4653 1556 4736 provisum,
1579 4658 1670 4718 tenet
1686 4657 1720 4718 et
1736 4651 1863 4718 obtinet
1881 4658 1914 4717 et
1930 4659 2063 4718 exercet

410 4766 520 4833 omnia
550 4764 624 4831 iura
653 4771 721 4830 tarn
752 4764 942 4846 spiritualia
973 4784 1070 4845 quam
1100 4762 1305 4845 temporalia,
1338 4782 1400 4843 quc
1431 4763 1473 4828 ad
1499 4760 1604 4842 ipsam
1628 4758 1871 4842 preposituram
1895 4758 2063 4840 pertinere

409 4879 590 4939 noscuntur
613 4891 671 4953 per
695 4871 903 4953 parrochiam
927 4871 1287 4954 Franckinfordeosem.
1335 4870 1369 4954 3)
1385 4870 1480 4950 Item,
1506 4870 1591 4948 quod
1614 4867 1701 4932 idem
1724 4865 1912 4948 prepositus
1931 4865 2064 4932 racione

410 4979 497 5045 dicte
535 4979 743 5061 prepositure
780 4979 890 5055 habet,
930 4984 1021 5044 tenet
1059 4985 1092 5044 et
1129 4975 1276 5059 possidet
1311 4975 1384 5058 plus
1420 4994 1516 5056 quam
1551 4976 1633 5040 duas
1668 4979 1781 5055 partes
1813 4978 1881 5038 tam
1915 4972 2062 5054 maioris,

410 5106 506 5168 quam
535 5085 660 5152 miuute
686 5085 810 5151 decIme
834 5105 893 5167 per
917 5085 1125 5168 parrochiam
1149 5084 1499 5166 Francko'osordmsem
1523 5081 1712 5147 constitute.
1761 5079 1795 5166 4)
1811 5079 1894 5146 Item
1918 5079 2065 5146 intendit

411 5195 560 5276 probare,
593 5194 677 5274 quod
708 5191 848 5273 quilibet
877 5192 1066 5274 prepositus
1097 5191 1429 5273 Francko'osordousa's
1458 5189 1560 5254 habet
1589 5191 1630 5254 de
1661 5187 1799 5267 antiqua
1827 5187 2064 5254 consuetudine

402 5300 499 5366 solus
530 5307 563 5366 et
594 5299 664 5366 sine
696 5299 886 5380 cuiusquam
918 5298 1055 5364 alterius
1085 5297 1304 5380 requIsicione
1328 5298 1381 5363 vel
1412 5315 1549 5362 assensu
1580 5294 1755 5361 instituere
1787 5293 1962 5376 plebanum
1992 5293 2064 5360 sive

410 5415 571 5474 rectorem
596 5408 630 5473 in
654 5406 795 5472 ecclesia
812 5406 985 5488 parrochie
1002 5405 1343 5487 Francko'ofordoosiq
1363 5403 1655 5484 quocienscumque
1671 5407 1781 5468 vacat.
1815 5401 1850 5487 5)
1865 5402 1959 5482 Item,
1978 5404 2063 5482 quod

411 5516 496 5580 idem
521 5515 679 5596 plebanus
703 5514 802 5579 hahet
827 5513 955 5595 plenam
980 5511 1314 5578 amministracionem
1338 5517 1372 5576 et
1393 5509 1532 5576 liberum
1557 5508 1752 5576 exercicium
1777 5507 1919 5575 omnium
1943 5507 2064 5574 iurium

412 5621 563 5705 plebanie
595 5626 628 5686 et
659 5619 842 5701 parrochie.
891 5623 924 5702 6)
947 5619 1040 5700 Item,
1073 5621 1156 5700 quod
1189 5619 1259 5700 ipse
1290 5617 1450 5701 plebanus
1481 5637 1540 5699 per
1570 5616 1782 5700 prepositum,
1807 5623 1844 5680 ut
1867 5614 2062 5697 predicitur,

467 5817 475 5848 ¹
495 5819 564 5870 1315
584 5816 733 5871 November
753 5819 793 5870 10.
