4436 6404
393 309 457 372 174
1121 305 1188 360 maa
1207 282 1329 362 nerea

391 508 431 572 de
455 503 616 572 communi
631 521 791 570 consensu
808 510 842 570 et
857 502 1004 570 unanimi
1018 503 1190 570 voluntate
1206 501 1359 571 inivimus
1375 509 1409 568 et
1425 501 1639 584 condiximus,
1663 507 1698 568 et
1713 501 1778 584 ipsi
1792 521 1859 568 una
1874 499 2042 568 nobiscum

392 614 527 678 eandem
551 611 737 678 voluntarie
762 619 795 677 et
819 610 1025 678 concorditer
1048 609 1194 676 inierant
1217 609 1379 676 videlicet.
1427 610 1475 694 (1)
1506 611 1600 694 Quod
1615 609 1711 676 iidem
1736 612 1879 675 decanus
1904 614 1938 674 ct
1953 607 2043 690 capi-

390 719 494 786 tulum
530 717 666 784 ecclesie
702 724 817 784 sancte
840 717 947 784 Maria
983 725 1015 782 et
1051 717 1143 783 beati
1167 716 1303 800 Georgii
1333 717 1553 798 predictorum
1583 716 1617 782 in
1647 714 1734 782 festo
1765 715 1948 798 palmarum
1971 735 2043 780 cum

391 825 600 908 processione
630 844 692 891 sua
722 828 764 891 ad
788 824 960 891 ecclesiam
984 831 1131 891 nostram
1155 824 1357 907 pervenient,
1384 827 1554 890 dummodo
1579 843 1662 891 aura
1684 823 1854 890 contraria
1877 831 1911 889 et
1934 823 2044 888 lutosa

391 932 446 1000 via
475 952 540 997 non
571 931 745 1014 obsistant,
770 951 878 999 ramos
910 933 1092 1014 palmarum
1121 931 1289 998 nobiscum
1320 931 1534 1013 benedicturi,
1566 938 1600 998 et
1630 937 1727 997 extra
1756 949 1866 996 muros
1897 929 2044 996 civitatis

391 1037 541 1106 similiter
564 1039 732 1106 nobiscum
756 1040 893 1106 exibunt
915 1040 949 1106 in
973 1038 1097 1121 campis
1113 1038 1208 1105 iuxta
1223 1037 1490 1105 consuetudinem
1506 1038 1687 1130 palmarum
1705 1037 1842 1104 officium
1859 1037 2046 1118 sollempni-

390 1150 462 1213 tate
493 1165 558 1228 qua
588 1149 745 1212 condecet
775 1146 953 1228 peracturi.
1001 1145 1114 1212 Officio
1139 1153 1249 1212 autern
1273 1147 1455 1228 palmarum
1480 1153 1615 1227 peracto
1639 1149 1783 1212 decamm
1807 1152 1841 1211 et
1864 1144 2045 1227 capitulum

392 1253 553 1321 antedicti
577 1256 618 1319 ad
644 1253 816 1320 ecclesiam
840 1273 932 1320 suam
957 1259 989 1319 et
1013 1272 1073 1319 nos
1098 1255 1140 1318 ad
1163 1259 1312 1319 nostram
1336 1272 1408 1318 eum
1425 1252 1688 1334 processionibus
1704 1253 1858 1318 hincinde
1875 1251 2045 1333 dispositis

391 1367 604 1442 revertemur,
628 1365 667 1426 ut
689 1361 722 1425 in
745 1367 885 1441 utreque
909 1359 1049 1426 ecclesie
1072 1359 1144 1442 ipso
1168 1359 1219 1425 die
1243 1359 1416 1426 missarum
1440 1359 1632 1442 sollempnia
1655 1359 1810 1426 devocius
1826 1359 2044 1425 celebrentur.

391 1469 438 1553 (2)
464 1469 504 1535 ln
536 1467 649 1534 diebus
680 1487 806 1550 quoque
837 1465 1058 1550 rogacionum,
1084 1467 1254 1548 utriusque
1284 1466 1416 1547 letanie,
1441 1465 1575 1532 maioris
1606 1465 1760 1533 videlicet
1784 1471 1816 1532 et
1841 1465 1985 1547 minoris
2011 1470 2045 1530 et

391 1575 425 1640 in
449 1574 651 1641 stacionibus
675 1573 807 1656 votivis,
832 1573 966 1654 siquas
990 1574 1167 1654 aliquando
1191 1571 1307 1640 haberi
1330 1571 1515 1656 contigerit,
1540 1572 1639 1639 iidem
1655 1574 1799 1638 decanus
1815 1577 1849 1638 et
1865 1571 2045 1654 capitulum

393 1701 465 1747 cum
478 1681 699 1764 processione
723 1689 756 1746 et
780 1679 925 1762 reliquiis
949 1680 1017 1746 suis
1040 1684 1082 1746 ad
1098 1700 1157 1746 nos
1174 1679 1376 1761 pervenient,
1402 1680 1487 1746 tales
1503 1679 1667 1746 staciones
1683 1679 1851 1745 nobiscum
1867 1677 2044 1746 devocione

392 1807 457 1870 qua
487 1786 639 1872 congruit
668 1793 877 1869 exequentes.
925 1788 997 1854 Hoc
1027 1795 1137 1854 tamen
1169 1793 1316 1869 excepto,
1342 1790 1428 1868 quod
1457 1789 1601 1854 decanus
1624 1793 1658 1852 et
1682 1785 1861 1869 capitulum
1885 1785 2045 1852 antedicti

391 1894 424 1961 in
448 1894 564 1978 vigilia
587 1893 788 1961 ascensionis
804 1893 925 1960 domini
941 1897 1119 1961 adventum
1135 1893 1354 1976 processionis
1371 1901 1405 1959 et
1421 1894 1634 1978 reliquiarum
1649 1900 1836 1961 nostrarum
1853 1893 1887 1980 in
1903 1892 2046 1958 ecclesia

392 2022 453 2068 sua
486 2001 755 2083 prestolabuntur
786 2007 820 2066 et
849 2000 1016 2066 nobiscum
1046 2001 1182 2083 proinde
1213 2005 1256 2067 ad
1286 2001 1458 2067 ecclesiam
1481 2001 1688 2068 Penitentum
1718 2001 1919 2080 transibunt,
1949 2006 1988 2064 ut
2011 1999 2043 2064 in

392 2112 506 2176 eadem
529 2106 668 2174 ccclesia
691 2107 763 2188 ipso
787 2107 838 2172 die
863 2106 999 2174 officium
1015 2109 1114 2174 misse
1130 2107 1256 2191 pariter
1272 2127 1478 2192 peragamus,
1503 2128 1566 2191 quo
1583 2115 1718 2191 peracto
1734 2107 1798 2190 ipsi
1815 2111 1857 2174 ad
1872 2106 2045 2172 ecclesiam

392 2235 485 2282 snam
516 2235 575 2297 per
598 2215 697 2296 viam,
723 2233 819 2296 quam
843 2213 1016 2296 voluerint,
1041 2221 1260 2282 revertentur.
1307 2215 1354 2302 (3)
1378 2217 1417 2280 In
1440 2215 1537 2282 festis
1560 2215 1662 2282 eciam
1686 2217 1817 2298 pasche,
1842 2212 2045 2280 ascensionis

388 2331 426 2392 et
441 2327 659 2406 pentecostes
677 2320 706 2387 si
721 2323 866 2388 decenus
883 2329 916 2387 et
933 2321 1112 2404 capitulam
1128 2321 1287 2388 antedicti
1304 2322 1529 2405 processiones
1545 2325 1668 2390 habere
1684 2321 1857 2403 voluerint,
1876 2321 2043 2387 nobiscum

391 2430 425 2496 in
449 2430 675 2497 Sassenhusen
709 2431 751 2493 ad
783 2428 955 2494 ecclesiam
989 2426 1131 2494 fratrum
1155 2429 1454 2496 Theuthonicorum
1486 2429 1688 2510 transibunt,
1722 2436 1756 2494 et
1788 2448 1861 2494 cum
1893 2427 1970 2493 inde
2002 2429 2044 2491 ad

393 2536 564 2603 ecclesiam
587 2543 735 2602 nostram
758 2535 885 2603 reversi
908 2533 1076 2618 fuerimus
1101 2535 1164 2618 ipsi
1188 2555 1260 2602 cum
1284 2535 1493 2619 processione
1517 2537 1559 2602 ad
1583 2534 1755 2602 ecclesiam
1780 2554 1873 2602 suam
1889 2539 2046 2616 poterunt

392 2663 548 2710 remeare.
596 2642 645 2728 (4)
668 2643 770 2709 Porro
795 2661 866 2708 cum
890 2643 1074 2708 huiusmodi
1097 2642 1236 2710 invicem
1259 2643 1470 2710 habuerimus
1487 2643 1722 2725 processiones,
1748 2643 1892 2708 scolares
1909 2641 2045 2708 scolari·

392 2751 452 2816 bus
476 2756 688 2832 utrarumque
713 2750 923 2816 ecclesiarum
948 2747 1174 2831 equiforrniter
1197 2751 1430 2832 miscebuntur,
1456 2771 1537 2832 quos
1561 2750 1678 2816 vicarii
1702 2749 1838 2816 ecclesie
1855 2755 2044 2814 sanctorum

391 2856 497 2922 Maria
529 2863 562 2922 et
586 2855 723 2940 Georgii
752 2857 983 2939 predictorum,
1009 2857 1125 2923 deinde
1149 2857 1286 2924 ecclesie
1310 2863 1422 2924 nostre
1445 2857 1571 2939 vicarii,
1597 2857 1714 2923 deinde
1738 2857 1882 2939 ipsorum
1906 2855 2044 2922 ecclesie

393 2963 551 3046 canonici,
577 2985 617 3030 ac
641 2964 757 3030 deinde
782 2964 917 3030 ecclesie
942 2971 1053 3031 nostre
1078 2965 1227 3030 canonici
1250 2966 1344 3032 iuxta
1367 2985 1444 3032 suos
1468 2964 1598 3031 ordines
1623 2962 1913 3048 processionaliter
1933 2965 2044 3028 subsc·

392 3078 543 3154 quantur,
569 3071 685 3137 deinde
710 3090 837 3152 quoque
860 3071 1005 3154 ipsorum
1029 3071 1165 3138 ecclesie
1190 3079 1306 3138 cantor
1322 3091 1394 3138 cum
1411 3078 1524 3138 nostro
1542 3069 1699 3138 canonico
1716 3071 1853 3150 seniore,
1872 3089 1911 3135 ac
1929 3069 2044 3135 deinde

391 3177 536 3261 ipsorum
553 3177 689 3244 ecclesie
706 3178 900 3244 scolasticus
917 3197 988 3244 cum
1005 3184 1118 3244 nostre
1134 3179 1271 3246 ecclesie
1288 3187 1433 3259 cantore,
1452 3177 1569 3244 deinde
1584 3177 1730 3260 ipsorum
1746 3177 1883 3243 ecclesie
1900 3180 2046 3242 decanus

393 3305 466 3351 cum
485 3291 598 3351 nostre
615 3283 754 3352 ecclesie
770 3285 946 3352 scolastico
963 3287 1129 3352 debebunt
1146 3284 1381 3350 collateraliter
1397 3283 1570 3367 proficisci,
1596 3290 1713 3366 postea
1728 3291 1762 3349 et
1778 3289 1891 3349 nostre
1907 3283 2045 3349 ecclesie

393 3394 546 3474 decenne,
572 3391 667 3473 quasi
691 3399 790 3475 caput
807 3391 990 3458 huiusmodi
1005 3391 1234 3474 processionis,
1260 3392 1348 3458 solus
1368 3391 1494 3458 tenebit
1509 3392 1615 3458 locum
1631 3391 1781 3456 ultimum
1797 3397 1831 3456 et
1847 3409 2043 3471 supremum.

392 3500 484 3565 Idem
507 3518 635 3580 quoque
658 3505 773 3564 noster
796 3501 940 3565 decanus
964 3502 1123 3565 decanum
1138 3498 1283 3581 ipsomm
1299 3498 1332 3564 in
1350 3497 1514 3565 offerendo
1530 3501 1695 3581 precedet,
1721 3517 1801 3579 quos
1816 3517 1891 3564 mox
1908 3497 2046 3564 ecclesie

392 3613 506 3672 nostre
535 3606 667 3688 prelati,
692 3605 810 3672 deinde
840 3625 950 3672 eorum
981 3606 1119 3672 ecclesie
1150 3605 1279 3690 prelati,
1305 3625 1344 3671 ac
1375 3605 1491 3672 deinde
1515 3605 1621 3671 nostri
1645 3612 1679 3671 et
1702 3624 1813 3671 eorum
1838 3604 1990 3670 canonici
2013 3613 2045 3670 et

283 3780 287 3788 ,
392 3711 510 3780 vicarii
532 3713 628 3778 iuxta
650 3732 727 3779 suos
750 3713 874 3797 gradm
898 3720 932 3779 et
955 3713 1085 3779 ordines
1108 3713 1260 3798 legaliter
1284 3717 1553 3795 subsequentur.a
1596 3713 1717 3778 Verum
1742 3712 1854 3794 eciam,
1881 3711 1908 3776 si
1932 3719 2047 3777 noster

393 3823 537 3887 decanus
560 3819 595 3885 in
618 3818 883 3902 processionibus
906 3819 1083 3886 antedictis
1099 3818 1241 3887 forsitan
1258 3821 1322 3886 erit
1338 3821 1467 3902 abesae,
1493 3819 1596 3886 maior
1613 3818 1750 3885 ecclesie
1767 3825 1880 3884 nostre
1896 3817 2046 3900 prelatus

393 3926 525 3994 debebit
541 3932 661 3992 extunc
678 3946 748 3992 cum
766 3946 876 3992 eorum
894 3927 1031 3993 ecclesie
1048 3930 1171 3993 decano
1189 3948 1247 4010 pro
1261 3927 1370 4010 capite
1382 3927 1487 3994 locum
1499 3925 1647 3992 ultimum
1661 3926 1819 3992 obtinere.
1844 3925 1891 4010 (5)
1904 3925 1944 3990 In
1958 3923 2045 3991 festo

393 4033 544 4100 similiter
559 4041 672 4100 nostre
688 4033 911 4100 dedicacionis
928 4033 1011 4100 etin
1027 4033 1078 4100 die
1095 4035 1187 4101 beati
1202 4034 1426 4100 Bartholomei
1442 4034 1593 4116 apostoli,
1620 4039 1731 4100 nostre
1748 4032 1884 4100 ecclesie
1901 4033 2045 4114 patroni.

391 4140 456 4224 ipsi
479 4140 647 4207 nobiscum
672 4147 777 4222 erunt,
803 4147 837 4207 et
860 4161 919 4207 nos
942 4139 976 4206 in
1000 4138 1086 4208 festo
1111 4141 1330 4208 dedicacionis
1355 4161 1465 4207 eorum
1490 4141 1626 4207 ecclesie
1651 4147 1684 4207 et
1706 4141 1739 4207 in
1765 4140 1816 4205 die
1833 4139 1963 4220 Thecla,
1990 4138 2048 4204 ubi

392 4246 514 4315 festum
544 4247 725 4330 corporalis
755 4247 992 4331 assumpcionis
1022 4250 1119 4314 beate
1142 4247 1248 4315 Maria
1278 4247 1427 4334 virginis,
1452 4268 1563 4316 eorum
1591 4247 1727 4314 ecclesie
1752 4253 1900 4329 patrone,
1926 4249 2046 4312 devote

392 4355 572 4439 peragitur,
598 4374 670 4420 cum
698 4355 781 4438 ipsis
813 4355 933 4422 erimus
965 4375 1153 4436 econverso,
1178 4353 1267 4422 festa
1297 4355 1481 4422 huiusmodi
1511 4358 1620 4437 quoad
1649 4354 1821 4420 missarum
1852 4352 2047 4435 sollempnia

393 4463 571 4530 honorifice
596 4462 811 4529 celebrantes.
860 4463 907 4548 (6)
930 4462 1001 4545 Ipsi
1024 4481 1151 4545 quoque
1175 4465 1319 4528 decanus
1343 4469 1377 4528 et
1393 4463 1571 4545 capitulum
1588 4461 1745 4528 antedicti
1763 4460 1797 4527 in
1812 4460 2046 4543 purificacione

393 4572 490 4636 beate
513 4568 619 4634 Marie
647 4568 786 4653 virginis
816 4588 890 4635 cum
921 4569 1066 4636 candelis
1090 4575 1125 4635 et
1147 4567 1357 4652 processione
1381 4589 1442 4635 sua
1465 4572 1508 4635 ad
1531 4576 1679 4635 nostram
1703 4567 1884 4644 ecclesiam,
1910 4573 1947 4632 ut
1971 4587 2046 4648 pre-

394 4675 523 4758 dicitur,
556 4674 739 4759 devenient,
769 4675 890 4743 festum
920 4676 1076 4743 luminum
1105 4675 1274 4744 nobiscum
1304 4677 1528 4757 sollempniter
1558 4675 1755 4760 peragendo,
1780 4673 1829 4740 ita
1859 4677 2044 4755 dumtaxat,

394 4782 424 4850 si
447 4803 505 4865 pre
530 4801 608 4848 aure
633 4781 850 4866 distemperie,
876 4782 1000 4868 frigore
1024 4791 1057 4850 et
1080 4783 1136 4850 via
1157 4784 1268 4849 lutosa
1291 4787 1333 4849 ad
1357 4782 1528 4848 ecclesiam
1544 4789 1691 4850 nostram
1707 4788 1863 4864 poterunt
1879 4783 2046 4848 commode

394 4889 576 4973 pervenire.
605 4881 673 4976 Ι(7)
698 4889 733 4956 Si
756 4888 889 4959 autemb
913 4891 1052 4974 aliquem
1077 4890 1308 4958 canonicorum
1331 4897 1517 4957 nostrorum
1541 4887 1674 4972 sepeliri
1697 4887 1884 4972 contigerit,
1908 4886 1982 4970 ipsi,
2007 4894 2047 4952 ut

394 5016 472 5079 sepe
503 4997 625 5063 dictum
655 5003 716 5076 est,
748 5016 820 5063 cum
851 4998 1059 5080 processione
1090 5002 1131 5064 ed
1163 4998 1333 5064 ecclesiam
1363 5005 1511 5064 nostram
1540 4999 1581 5064 de
1610 5016 1706 5063 mane
1737 4995 1946 5078 pervenient,
1978 5014 2046 5060 una

394 5103 561 5171 nobiscum
585 5103 664 5170 talis
682 5103 831 5171 canonici
848 5104 996 5172 defuncti
1013 5125 1084 5171 cum
1100 5104 1222 5189 vigiliis
1238 5111 1272 5171 et
1287 5105 1461 5170 missarum
1477 5103 1677 5186 sollempniis
1694 5103 1848 5184 exequias
1864 5100 2044 5185 peracturi.

394 5213 480 5292 quod
504 5218 537 5278 et
560 5211 642 5294 ipsis
664 5210 699 5277 in
723 5231 802 5278 casu
819 5212 916 5279 simili
932 5213 1122 5294 obsequium
1139 5212 1359 5293 prestabimus
1374 5212 1554 5279 viceversa.
1602 5212 1649 5296 (8)
1671 5211 1741 5292 Ipsi
1752 5207 1883 5291 ¹quoque
1900 5211 2046 5275 decanus

395 5325 428 5384 et
452 5318 631 5402 capitulum
656 5319 792 5386 ecclesie
816 5328 993 5388 memorate
1009 5319 1231 5402 pulsacionem
1247 5319 1483 5386 matutinarum
1500 5324 1534 5385 et
1549 5337 1761 5398 vesperarum
1778 5315 1914 5383 ecclesie
1931 5323 2045 5382 nostre

394 5446 458 5492 non
490 5425 692 5510 prevenient,
717 5426 781 5493 nisi
812 5427 970 5510 specialia
1000 5425 1090 5494 festa
1119 5426 1305 5505 habuerint,
1331 5435 1364 5492 et
1388 5425 1452 5492 nisi
1476 5423 1720 5506 campanarium
1746 5423 1883 5490 alterius
1906 5423 2046 5490 ecclesie

395 5552 479 5599 aura
508 5533 676 5600 contraria
706 5541 765 5599 aut
787 5542 959 5602 ventorum
983 5534 1125 5618 strepitu
1149 5533 1356 5617 contingeret
1378 5533 1537 5616 impediri.
1585 5533 1633 5618 (9)
1656 5531 1831 5598 Adiectum
1854 5527 1906 5596 est
1929 5529 2044 5612 eciam,

396 5643 482 5720 quod
513 5646 660 5706 rectores
693 5641 870 5735 scolarium
899 5649 932 5708 et
963 5661 1101 5725 persone
1133 5639 1344 5722 ecclesiarum
1375 5647 1588 5720 utrarumque
1620 5638 1742 5703 nullom
1773 5657 1942 5703 rancorem
1975 5637 2045 5705 sive

661 5819 685 5869 a)
702 5815 742 5860 Or.
758 5818 951 5870 ,auoamuctnrt
980 5817 1004 5861 bl
1022 5807 1085 5860 door
1099 5817 1143 5860 der
1157 5815 1229 5860 Zeila.
